1768 3198
661 121 868 164 INDEX
894 120 1134 164 RERUM.

177 216 373 251 Lacedaemon
388 223 487 261 qualis
498 223 584 261 urbs,
600 225 621 255 i.
638 230 687 267 10.
705 236 725 255 a
737 227 869 257 Dorien-

218 263 303 293 sibus
318 266 453 302 condita,
467 267 488 295 i.
509 267 559 296 1'8.
582 268 785 299 seditionibus
801 270 869 299 diu-

216 308 319 336 turnis
341 309 526 346 conflictata,
550 310 637 340 bonis
660 307 779 350 legibus
801 322 868 349 usa,

216 351 388 388 tyrannidis
402 362 521 391 semper
535 354 693 390 immunis,
710 356 784 386 ibid.
808 366 871 384 ser-

200 392 263 422 'vis
286 394 435 432 abundat,
461 397 525 426 viii.
551 401 601 426 40.
649 398 870 427 Lacedaemonii

215 437 292 466 duas
307 438 507 477 Peloponnesi
522 444 624 478 partes
645 441 763 477 colunt,
778 444 810 470 et
822 444 870 470 to-

214 481 278 509 tius
301 481 449 510 ditionem
473 486 593 518 tenent,
618 483 641 512 i.
671 488 719 513 10.
755 484 867 514 Laced.

216 523 315 561 qualis
337 525 439 554 cultus
462 530 493 554 et
516 527 657 561 vestitus,
681 527 702 556 i.
725 529 755 556 6.
778 527 869 564 primi

214 576 342 605 corpora
362 568 520 597 nudarunt
542 572 573 597 et
593 572 751 598 unxerunt
772 573 871 599 certa-

213 611 291 646 turi,
306 610 380 639 ibid.
402 611 563 649 plerosque
574 614 722 649 tyrannos
736 622 774 641 ex
785 613 870 642 Grae·

213 653 263 681 cia
297 653 502 688 sustulerunt,
538 654 558 683 i.
596 659 644 684 18.
692 657 869 685 Graecorum

214 696 307 725 duces
327 696 428 732 electi,
445 697 485 725 ib.
497 698 624 726 eandem
639 698 716 737 reip.
740 699 868 728 formam

212 742 387 774 servarunt,
411 739 454 768 ib.
476 739 516 768 ab
539 740 784 771 Atheniensibus
808 742 869 771 dis-

171 785 174 788 *
212 780 319 811 sociati
342 782 456 810 bellum
481 790 551 812 cum
579 781 621 812 iis·
638 793 744 822 gerere
766 795 869 824 coepe-

212 829 298 861 runt,
322 823 363 853 ib.
389 826 540 863 quomodo
562 824 651 856 sociis
673 828 868 866 imperarint,

170 865 172 867 ’
213 868 256 897 ib.
280 877 422 907 quaenam
437 878 488 897 eos
503 869 685 908 impulerint
698 872 737 900 ad
752 871 869 900 bellum

212 911 441 949 suscipiendum
457 915 565 941 contra
581 913 695 942 Athen.
710 914 730 944 i.
747 919 799 944 33.
815 919 867 945 55.

212 957 263 982 66.
284 958 336 985 89.
353 958 407 985 92.
431 954 549 984 bellum
564 955 682 986 illaturi
697 961 867 987 conventus

211 998 363 1026 sociorum
386 997 539 1035 indicunt,
562 998 583 1029 i.
599 1002 651 1031 67.
675 1004 746 1038 post
767 1002 868 1030 conci-

210 1049 284 1069 ones
307 1041 454 1079 utrinque
473 1041 595 1071 habitas
617 1045 804 1073 sententiam
822 1045 870 1074 ie·-

210 1086 298 1117 runt,
319 1084 527 1114 Athenienses
552 1083 667 1122 injuste
689 1095 792 1125 agere,
815 1088 868 1117 de-

210 1130 405 1165 cernuntque
427 1127 547 1156 foedera
568 1138 632 1158 esse
654 1134 759 1168 rupta,
778 1131 797 1159 i.
814 1135 866 1162 79.

211 1174 261 1201 87.
291 1173 362 1201 119.
391 1179 464 1199 voce
488 1180 548 1200 non
572 1172 696 1201 calculis
721 1173 867 1212 suffragia

208 1213 297 1249 dant,
312 1212 335 1242 i.
352 1217 403 1244 87.
426 1213 460 1242 in
474 1214 628 1253 suffragiis
643 1216 776 1246 serendis
791 1222 867 1255 quot

165 1251 171 1257 '
209 1255 336 1284 calculis
361 1258 492 1286 utantur
516 1267 603 1296 reges
628 1259 738 1289 Laced.
763 1259 785 1289 i.
811 1264 863 1290 20.

208 1298 325 1329 bellum
354 1300 522 1337 gerendum
546 1310 610 1330 esse
633 1301 815 1339 decernunt,
841 1304 865 1332 i.

211 1346 262 1372 89.
285 1351 340 1380 per
356 1342 472 1380 legatos
494 1344 664 1381 postulant,
679 1354 719 1374 ne
733 1346 866 1375 Atheni-

209 1391 298 1414 enses
322 1393 426 1414 muros
449 1386 624 1424 reficerent,
646 1387 668 1417 i.
683 1391 736 1419 90.
751 1398 771 1418 a
783 1389 866 1426 The,-

208 1428 348 1457 mistocle
363 1428 550 1466 illuduntur,
565 1430 639 1461 ibid.
663 1434 695 1460 et
708 1441 755 1470 sq.
785 1433 865 1462 Pau-

208 1471 327 1500 saulam
337 1471 376 1500 ad
386 1480 510 1501 causam
523 1473 682 1503 dicendam
693 1479 865 1512 arcessunt,

208 1515 230 1544 i.
247 1518 301 1546 95.
327 1518 399 1544 1⁴28.
443 1515 683 1546 Themistoclem
703 1517 865 1555 accusant,

167 1561 171 1565 ·
206 1556 229 1587 ἰ.
261 1558 333 1587 135.
366 1557 400 1586 in
427 1559 566 1589 Atticam
593 1560 745 1599 irrupturi
773 1564 865 1592 terrae

208 1603 295 1629 motu
309 1599 534 1639 impediuntur,
546 1600 569 1633 ἰ.
588 1605 659 1632 101.
676 1608 785 1634 contra
798 1604 865 1634 He-

206 1641 299 1679 lotas,
317 1644 371 1682 qui
394 1649 484 1674 erant
505 1645 648 1683 Ithome,
666 1646 782 1677 bellum
812 1657 866 1687 ge-

166 1683 172 1687 '
207 1691 296 1723 runt,
318 1687 343 1717 i.
370 1687 441 1718 1'02.
471 1690 504 1717 et
525 1698 569 1728 sq.
593 1690 695 1728 palam
719 1690 864 1721 dissenti-

207 1733 267 1759 unt
280 1729 319 1758 ab
334 1730 452 1760 Athen.
478 1730 521 1760 ib.
544 1733 623 1762 mari
636 1737 779 1772 pugnant
793 1743 864 1764 cum

207 1773 327 1802 Athen.
350 1777 383 1803 et
405 1774 586 1811 vincuntur,
609 1775 631 1805 i.
658 1780 728 1806 105.
752 1786 865 1816 suppe-

169 1819 172 1822 '
206 1816 267 1844 tias
290 1816 398 1846 ferunt·
422 1814 644 1855 Doriensibus,
669 1829 776 1849 eorum
800 1830 864 1850 me-

207 1859 333 1897 tropoli,
357 1860 379 1889 i.
409 1863 480 1891 107.
509 1864 658 1899 superant
681 1861 798 1892 Athen.
825 1863 864 1892 ad

205 1902 394 1940 Tanagram,
413 1903 436 1932 i.
456 1903 526 1932 108.
550 1904 669 1933 foedera
690 1906 866 1944 quinquen-

207 1944 292 1974 nalia
311 1946 423 1974 ineunt
443 1954 514 1975 cum
527 1946 644 1977 Athen.
660 1947 683 1977 i.
702 1952 774 1978 112.
799 1946 864 1978 bel'-

205 1986 272 2016 lum
298 1997 419 2028 sacrum
446 1988 633 2028 suscipiunt,
656 1993 687 2020 et
710 1990 863 2030 templum

206 2030 361 2069 Apollinis
379 2025 508 2070 Delphis
530 2032 671 2070 tradunt,
685 2033 728 2064 ib.
752 2035 864 2065 irrum-

204 2076 289 2112 punt
301 2074 334 2104 in
349 2074 499 2111 Atticam,
518 2075 539 2104 i.
559 2078 629 2107 114.
651 2085 722 2107 cum
742 2076 863 2108 Athen.

204 2116 390 2146 tricennalia
406 2117 526 2147 foedera
546 2118 737 2157 percutiunt,
753 2121 773 2150 i.
792 2123 863 2151 115.

206 2160 245 2188 ad
266 2158 382 2190 bellum
404 2161 498 2198 tardi,
521 2161 544 2191 i.
569 2166 640 2192 118.
664 2163 702 2192 de
722 2163 804 2193 bello
818 2164 865 2193 A-

205 2203 292 2232 then.
316 2203 476 2233 inferendo
499 2205 659 2235 oraculum
681 2206 863 2244 consulunt,

205 2246 227 2275 i.
254 2250 324 2276 118.
361 2247 458 2276 socios
484 2246 597 2277 iterum
623 2252 807 2286 convocant,
828 2253 861 2279 et

204 2298 277 2318 cum
293 2289 331 2318 iis
344 2289 518 2319 deliberant
531 2290 567 2319 de
586 2289 680 2328 beno,
693 2288 770 2322 ibid.
791 2295 863 2322 tan·-

206 2332 338 2371 demque
351 2332 466 2362 bellum
487 2333 669 2371 decernunt,
684 2334 706 2365 i.
726 2335 796 2365 195.
819 2335 865 2364 le-

205 2375 288 2413 gatis
315 2375 357 2404 ab
382 2376 498 2405 Athen.
530 2376 631 2406 missis
658 2377 861 2416 imperarunt,

206 2420 245 2447 ut
261 2418 360 2447 scelus
376 2418 538 2456 Cylonium
559 2420 732 2458 expiarent,
748 2421 769 2451 i.
789 2422 861 2452 1'26.

205 2462 264 2490 dec.
288 2461 326 2490 iis
348 2460 482 2491 vicissim
502 2462 658 2501 imperant
684 2461 801 2495 Athen.
828 2468 863 2494 ut

206 2503 365 2542 piaculum
387 2504 427 2533 ad
448 2504 613 2535 Taenarum
635 2505 801 2536 admissum
824 2516 862 2536 ex

206 2546 285 2575 urbe
311 2546 476 2586 pellerent,
503 2548 527 2578 i.
556 2553 625 2579 128.
663 2557 719 2587 per
745 2549 863 2588 legatos

206 2590 367 2628 postulant
380 2589 420 2620 ab
434 2590 552 2622 Athen.
574 2594 611 2621 ut
625 2591 764 2621 Potidaeae
779 2591 861 2621 obsi-

207 2632 298 2661 dione
318 2633 508 2670 recederent,
522 2635 579 2664 &c.
602 2637 634 2663 et
651 2637 685 2663 ut
704 2635 860 2664 decretum

206 2675 244 2703 dc
260 2675 494 2713 Megarensibus
512 2677 733 2712 rescinderent,
748 2678 769 2708 i.
789 2683 859 2708 139.

206 2717 290 2747 hisce
311 2719 499 2756 respondent
521 2720 639 2750 Athen.
665 2720 685 2749 i.
711 2724 780 2749 148.
809 2731 859 2749 eo-

207 2769 278 2790 rum
292 2761 330 2789 sd
345 2761 459 2790 bellum
475 2765 652 2800 apparatus,
668 2763 701 2791 ii.
715 2767 745 2794 7.
769 2766 799 2792 ct
814 2773 863 2791 so·

208 2803 263 2839 cii,
282 2803 316 2834 ii.
340 2808 371 2834 9.
416 2804 555 2834 Atticam
578 2806 739 2841 invadunt,
758 2806 790 2836 ii.
813 2810 860 2835 18.

199 2845 334 2878 ·OEnoen
347 2846 464 2876 frustm
476 2851 670 2887 oppugnant,
683 2848 757 2879 ibid.
799 2849 859 2879 At-

955 220 1049 255 ticam
1070 224 1310 264 depopulantur,
1338 224 1378 254 ii.
1398 228 1449 255 20.
1472 228 1525 269 83.
1554 221 1619 253 dor

954 278 1039 298 mum
1075 272 1250 304 revertunt,
1285 267 1320 298 ii.
1359 271 1410 297 24.
1454 267 1612 306 AEginetis

955 312 1052 350 pulsis
1071 311 1238 350 ejectisque
1250 310 1403 349 Thyream
1418 310 1612 340 incolendam

956 356 1119 390 dederunt,
1141 354 1176 384 ii.
1200 358 1252 386 27.
1286 354 1399 383 iterum
1421 354 1453 383 in
1474 353 1616 383 Atticam

958 398 1148 436 irrumpunt,
1176 395 1208 426 ii.
1238 400 1291 428 47.
1328 395 1442 425 bellum
1472 396 1615 425 inferunt

956 441 1128 479 Zacyntho,
1143 440 1176 470 ii.
1192 442 1246 470 66.
1272 448 1379 468 eorum
1399 439 1495 477 legati
1514 439 1554 468 ab
1569 438 1615 467 Ae-

955 481 1042 513 trien.
1066 482 1242 521 intercepti,
1254 482 1287 511 ii.
1300 485 1354 514 67.
1377 483 1480 520 copias
1494 482 1615 511 ducunt

956 535 1063 556 versus
1076 526 1232 561 Plataeam,
1248 525 1281 556 ii.
1297 530 1347 556 71.
1372 534 1500 564 eamque
1515 533 1615 563 oppue

956 573 1068 607 gnant,
1090 569 1125 600 ii.
1149 569 1202 600 75.
1230 570 1263 597 et
1285 567 1446 597 obsidione
1467 567 1612 606 cingunt,

957 613 990 642 ii.
1028 617 1079 644 77.
1128 611 1339 641 Acarnaniam
1377 610 1543 646 invadunt,
1578 609 1613 639 ii.

958 660 1009 685 80.
1034 658 1175 694 pugnant
1203 664 1275 683 cum
1300 654 1418 683 Athen.
1442 653 1477 683 ii.
1505 657 1557 683 83.
1580 656 1613 682 et

956 702 1157 738 superantur,
1177 698 1209 727 ii.
1233 701 1284 727 84.
1309 697 1423 726 iterum
1445 706 1478 725 se
1499 698 1614 734 parant

955 741 1129 776 certamini,
1144 741 1179 769 ii.
1197 744 1246 770 85.
1270 741 1363 770 duces
1376 748 1482 768 eorum
1497 738 1613 768 milites

954 785 1171 820 adhortantur,
1186 784 1218 812 ii.
1235 785 1286 814 86.
1309 783 1455 821 proelium
1472 781 1614 811 commit-

954 831 1028 857 tunt
1052 828 1138 856 vario
1162 828 1279 862 Marte,
1300 826 1333 860 ii,
1358 829 1410 857 90.
1454 825 1612 863 Pyraeenm

954 871 1161 909 nequidquam
1185 873 1323 906 tentant,
1345 869 1379 898 ii.
1401 872 1453 899 93.
1478 869 1511 896 in
1526 867 1613 897 Atti-

954 923 1021 942 cam
1034 915 1224 951 irrumpunt,
1238 913 1284 942 iii.
1303 916 1332 942 1.
1343 910 1530 950 Mitylenaeis
1541 919 1612 939 suc-

953 966 1077 986 currere
1109 956 1230 992 volunt,
1259 955 1304 986 iii.
1339 958 1386 984 15.
1422 954 1549 983 classem
1576 953 1611 983 in

953 999 1088 1029 Lesbum
1123 999 1247 1029 mittere
1282 999 1440 1034 statuunt,
1474 997 1518 1026 iii.
1560 998 1611 1026 16.

954 1043 988 1072 in
1001 1043 1138 1073 Atticam
1159 1042 1349 1080 irrumpunt,
1365 1041 1411 1070 iii.
1427 1042 1479 1069 26.
1502 1048 1610 1068 eorum

953 1086 1059 1115 classis
1083 1087 1117 1116 in
1141 1085 1248 1115 Asiam
1273 1083 1404 1121 trajicit,
1427 1083 1473 1112 iii.
1500 1087 1552 1114 29.
1575 1083 1610 1112 in

953 1129 1056 1168 Pelop.
1080 1138 1113 1158 se
1126 1128 1249 1166 recipit,
1260 1127 1305 1157 iii.
1318 1131 1370 1156 32.
1394 1134 1523 1164 eamque
1536 1134 1609 1164 pro-

952 1175 1127 1211 sequuntur
1153 1171 1270 1201 Athen.
1296 1169 1342 1200 iii.
1365 1173 1419 1199 38.
1462 1169 1608 1198 Plataeam

953 1214 1107 1245 deditione
1127 1215 1296 1253 accipiunt,
1313 1212 1357 1242 iii.
1374 1216 1426 1241 52.
1450 1221 1556 1241 eorum
1569 1212 1609 1241 de

952 1258 1071 1287 civibus
1098 1261 1130 1287 et
1153 1258 1231 1286 urbe
1256 1256 1476 1285 maraensium·
1494 1254 1608 1292 judici·-

951 1309 1018 1337 um,
1033 1301 1079 1332 iii.
1094 1304 1148 1331 68.
1172 1302 1205 1330 in
1220 1302 1384 1337 Corcyram
1393 1298 1520 1327 classem
1535 1298 1610 1327 mit-

950 1347 1017 1373 tere
1031 1347 1187 1380 statuunt,
1203 1344 1252 1374 iii.
1260 1345 1314 1374 69.
1354 1341 1527 1379 Corcyraeos
1540 1342 1611 1370 vin-

951 1390 1039 1424 cunt,
1053 1388 1098 1417 iii.
1113 1392 1165 1419 77.
1186 1392 1272 1416 metu
1281 1384 1398 1415 Athen.
1421 1385 1461 1413 ab
1476 1385 1609 1422 Corcyra

950 1430 1090 1468 fugiunt,
1118 1430 1164 1460 iii.
1200 1434 1251 1460 80.
1296 1428 1435 1457 Atticam
1471 1427 1611 1457 invasuri

951 1475 1043 1502 terroe
1066 1473 1202 1503 motibus
1228 1471 1455 1508 absterrentur,
1478 1470 1524 1499 iii.
1556 1474 1609 1502 89.

951 1515 1138 1546 Heracleam
1152 1515 1303 1546 coloniam
1314 1515 1483 1550 deducunt,
1495 1513 1540 1543 iii.
1552 1517 1608 1544 92.

950 1567 1023 1589 cum
1037 1559 1246 1590 Ambraciotis
1267 1557 1494 1597 expeditionem
1512 1556 1609 1586 susci-

907 1609 909 1611 ’
951 1602 1044 1641 piunt
1066 1608 1174 1633 contra
1197 1601 1337 1640 Amphil.
1361 1601 1408 1629 iii.
1435 1604 1506 1630 104.
1538 1602 1610 1638 post

950 1645 1068 1675 cladem
1083 1646 1122 1676 ab
1137 1647 1256 1676 Acarn.
1274 1647 1430 1683 acceptam
1445 1642 1608 1673 Ambraci-

950 1692 1018 1718 otas
1041 1689 1200 1726 deserunt,
1224 1687 1269 1719 iii.
1298 1691 1370 1719 109.
1402 1685 1436 1715 in
1458 1686 1530 1718 Ate.
1565 1685 1614 1715 ir·

951 1735 1115 1770 rumpuat,
1136 1733 1177 1764 iv.
1203 1736 1233 1761 2.
1261 1733 1332 1770 post
1353 1729 1462 1768 Pylum
1485 1732 1608 1768 captam

951 1774 1074 1804 domum
1096 1776 1240 1811 redeunt,
1255 1775 1297 1805 iv.
1313 1776 1345 1804 8.
1366 1773 1405 1803 ad
1425 1771 1534 1812 Pylum
1555 1781 1609 1802 ex-

950 1818 1081 1848 ercitum
1102 1819 1280 1854 admovent,
1302 1817 1344 1847 iv.
1359 1821 1390 1847 8.
1422 1815 1610 1855 sphacterie

951 1861 1127 1899 praesidi'um
1142 1861 1319 1901 imponunt,
1333 1859 1378 1892 ib.
1400 1859 1508 1898 Pylum
1522 1862 1608 1889 tem

949 1904 1090 1942 marique
1112 1907 1308 1944 oppugnant,
1326 1904 1367 1933 iv.
1385 1906 1436 1934 11.
1458 1911 1609 1942 superan-

948 1949 1003 1975 tur
1015 1947 1055 1976 ab
1069 1947 1186 1977 Athen.
1198 1949 1240 1977 iv.
1261 1951 1310 1978 14.
1334 1945 1473 1976 inducias
1487 1946 1610 1975 faciunt

949 1997 1020 2018 cum
1041 1989 1160 2020 Athen.
1184 1991 1224 2020 iv.
1254 1992 1303 2019 16.
1330 1989 1448 2028 legatos
1475 1989 1609 2019 mittunt

950 2032 1104 2069 Athenas,
1119 2033 1195 2064 ibid.
1219 2041 1326 2062 eorum
1345 2032 1385 2061 ad
1398 2031 1518 2062 Athen.
1539 2040 1614 2061 ora-

950 2075 1009 2112 tio,
1031 2075 1107 2106 ibid.
1128 2085 1176 2115 sq.
1200 2085 1235 2106 re
1257 2076 1372 2105 infecta
1393 2078 1427 2104 et
1445 2083 1522 2113 pace
1543 2083 1607 2105 nou

950 2117 1116 2157 impetrata
1137 2119 1285 2156 redeunt,
1305 2118 1346 2149 iv.
1370 2121 1423 2148 22.
1457 2117 1490 2147 in
1510 2117 1608 2157 Spha-

949 2162 1047 2191 cteria
1066 2162 1260 2200 obsidentur,
1281 2161 1322 2192 iv.
1343 2163 1396 2192 86.
1418 2169 1531 2200 eosque
1551 2170 1607 2200 ag·

947 2205 1133 2243 grediuntur
1151 2206 1267 2235 Athen.
1292 2205 1333 2235 iv.
1356 2207 1410 2241 81,
1425 2213 1471 2243 sq.
1495 2204 1606 2234 dediti-

946 2257 1037 2278 onem
1059 2249 1190 2285 faciunt,
1208 2249 1249 2279 iv.
1265 2253 1318 2279 88.
1330 2247 1444 2287 captivi
1466 2247 1609 2277 Athenas

950 2291 1144 2328 deferuntur,
1158 2293 1213 2322 διο.
1230 2292 1271 2322 iv.
1285 2294 1338 2322 40.
1362 2289 1493 2330 epistola
1513 2290 1608 2320 miss·

949 2334 988 2362 ad
1003 2335 1112 2365 Laced.
1132 2344 1232 2373 arege
1242 2335 1417 2372 Persarum,
1434 2333 1608 2372 intercepta

949 2376 990 2405 ab
1012 2378 1128 2408 Athen.
1143 2379 1183 2407 iv.
1199 2382 1251 2408 50.
1274 2379 1515 2407 consternantur
1535 2379 1607 2416 post

949 2419 1050 2450 clades
1063 2425 1216 2460 acceptas,
1231 2421 1273 2450 iv.
1287 2424 1339 2451 55.
1375 2419 1509 2450 Helena
1521 2419 1607 2450 able-

949 2464 1043 2501 gandi
1065 2473 1172 2494 causas
1194 2465 1350 2503 quierunt,
1366 2463 1408 2494 iv.
1433 2467 1485 2493 80.
1528 2463 1606 2493 Am·

949 2506 1089 2545 phipolin
1102 2508 1242 2546 capiunt,
1258 2507 1300 2537 iv.
1316 2505 1536 2538 loa-inducia
1548 2515 1605 2536 an-

948 2556 1026 2578 nuas
1053 2550 1174 2581 faciunt
1199 2559 1270 2579 cum
1305 2550 1423 2580 Athen.
1451 2549 1493 2579 iv.
1533 2553 1604 2585 117.

948 2600 993 2630 sq.
1016 2593 1055 2622 ad
1069 2602 1174 2632 pacem
1188 2593 1353 2630 inclinant,
1363 2602 1393 2623 v.
1413 2595 1462 2623 1⁴.
1486 2591 1606 2622 soeden

949 2634 1060 2665 ineunt
1081 2645 1151 2666 cnm
1173 2636 1292 2667 Athen.
1314 2645 1344 2666 v.
1364 2639 1414 2665 18.
1437 2639 1491 2665 23.
1514 2644 1605 2665 accu-

947 2682 1018 2707 sant
1042 2680 1230 2715 Corinthios,
1251 2689 1279 2709 v.
1301 2682 1353 2709 80.
1382 2678 1416 2707 in
1437 2678 1604 2708 Amdiam

946 2722 1173 2759 expeditionem
1195 2722 1379 2761 suscipiunt,
1395 2730 1425 2750 v.
1439 2724 1492 2751 83.
1538 2721 1605 2750 He-

948 2762 1026 2793 lotas
1040 2765 1097 2794 suh
1111 2765 1247 2795 Brasidoe
1260 2765 1355 2794 ductu
1377 2767 1552 2802 pugnantes
1566 2764 1604 2793 li·

948 2805 1068 2837 bei-tate
1091 2809 1219 2844 donant,
1242 2817 1272 2838 v.
1295 2811 1347 2838 ³⁴.
1372 2807 1507 2845 suspecti
1529 2811 1605 2837 sunt

946 2849 984 2879 ab
1000 2851 1117 2882 Athen.
1131 2858 1160 2881 v.
1174 2854 1227 2882 8⁵.
1249 2858 1319 2880 cum
1333 2849 1454 2880 Boeotis
1475 2849 1605 2880 societa-
