1768 3198
677 189 872 229 INDEX
898 190 1129 230 RERUM.

234 297 343 329 pacem
364 298 435 319 cum
457 289 695 322 Incedae'moniia
712 293 884 322 faciendam

237 337 422 370 propensus,
449 343 478 363 v.
510 337 560 370 16,
587 336 642 364 διε.
677 337 711 366 in
750 337 884 374 patriam

238 376 320 404 redit
355 376 394 406 ab
433 377 553 413 exsilio,
589 378 663 407 ibid.
707 379 884 408 Plistoanax

238 422 329 456 pater
342 421 512 456 Pausaniae,
529 421 573 450 iii.
591 424 641 450 16.

195 461 339 492 Plistolas
383 463 527 501 Ephorus
565 465 732 494 Lacedoem.
771 475 800 495 v.
838 469 886 496 19.

241 508 292 533 25.

197 548 296 585 Pnyx,
310 548 375 578 viii.
395 553 447 581 97.
469 549 537 578 vide
557 550 731 579 Meursium
751 551 788 580 de
809 551 886 590 Pop.

240 591 309 620 Att.
323 600 354 629 p.
372 596 442 621 105.

197 634 302 664 Poenae
322 638 518 672 peccatorum
541 636 647 674 quales
669 635 754 672 olim,
779 638 812 666 et
831 646 887 667 cur

242 677 393 715 paulatim
406 682 516 713 auctae,
530 678 576 708 iii.
593 681 643 708 45.

196 721 301 750 Pofftae
314 730 362 749 res
378 721 410 750 in
425 721 524 758 majus
539 722 704 758 extollunt,
718 722 739 751 i.
755 727 805 752 21.

198 762 388 793 Polemarchi
419 765 453 793 in
485 766 623 795 exercitu
659 766 825 796 Lacedaem.
858 776 888 797 v.

197 849 345 880 Polizhna
371 850 437 888 agri
463 851 592 888 Trojani
626 852 714 887 urbs,
743 853 808 883 viii.
833 857 888 883 ⁵14.

239 893 309 922 vide
331 893 434 923 Strab.
456 894 478 923 l.
506 895 572 924 xiii.
593 894 632 924 ab
650 896 766 925 Athen.
786 899 889 935 capta,

239 937 307 966 viii.
345 941 396 967 23.
435 937 615 967 Polichnitae
652 939 828 977 Cretenses,
854 939 887 970 ii.

241 984 292 1010 85.
308 980 376 1009 vide
391 981 543 1010 Herodot.
558 982 579 1011 1.
594 981 646 1011 vii.

196 1021 279 1052 Polis
291 1023 440 1061 Argivus,
453 1024 485 1053 ii.
503 1027 556 1056 67.

195 1065 279 1095 Polis
295 1067 380 1096 vicus
394 1068 574 1105 Hyaeorum,
591 1068 626 1097 ii.
642 1072 713 1098 101.

196 1108 297 1139 Polles
311 1120 366 1139 rex
377 1111 598 1147 Odomantum,
614 1121 642 1140 v.
658 1114 687 1140 6.

196 1151 330 1182 Pollucis
342 1156 375 1182 et
389 1154 526 1183 castoris
540 1155 659 1190 fanum,
675 1154 723 1183 iii.
738 1158 788 1186 75.

195 1194 382 1234 Poly-anthes
395 1198 587 1234 Corinthius,
601 1198 655 1227 vii.
671 1201 725 1227 34.

195 1237 370 1278 Polycrates
397 1240 479 1270 Sami
505 1244 608 1278 tyran.
632 1244 771 1279 tempore
797 1242 887 1271 Cam-

239 1282 322 1320 bysis
348 1283 443 1312 classe
474 1284 623 1322 pollebat,
653 1284 675 1313 i.
715 1288 763 1313 13.
804 1285 887 1313 Rhe-

238 1334 330 1356 neam
356 1327 498 1365 Apollini
521 1327 612 1356 Delio
644 1330 814 1364 consecrat,
843 1327 887 1357 ib.

239 1372 272 1398 et
284 1370 330 1399 iii.
349 1374 423 1399 104.

195 1410 408 1450 Polydamidas
420 1414 529 1443 Laced.
544 1414 585 1443 iv.
604 1418 674 1444 193.
691 1417 762 1444 129.

195 1453 372 1493 Polymedes
386 1456 564 1494 Larissaeus,
578 1457 611 1487 ii.
627 1461 678 1487 99.

195 1496 357 1538 Popularis
376 1500 563 1530 dominatus.
588 1501 658 1529 vide
680 1499 888 1529 Democratia.

239 1542 398 1581 popularis
411 1543 534 1580 levitas,
549 1543 594 1573 iii.
610 1546 665 1580 36,
678 1553 723 1582 sq.

194 1583 295 1614 Portae
308 1586 459 1622 Thraciae,
473 1596 502 1616 v.
521 1590 572 1616 10.

194 1626 307 1658 Penus
324 1638 455 1667 magnus
480 1630 582 1668 Syrac.
603 1630 645 1659 vi.
671 1633 742 1659 101.
769 1629 824 1659 vii.
855 1632 886 1658 4.

239 1675 291 1701 99.
317 1675 369 1703 36.
405 1675 456 1702 56.
486 1677 537 1705 59.
567 1673 636 1702 vide
664 1672 802 1702 Cluverii
826 1671 887 1702 Sic.

237 1724 269 1753 p.
286 1719 359 1752 144,
374 1717 429 1745 διο.
449 1720 558 1754 portus
578 1725 693 1754 parvus
715 1715 818 1754 Syrac.
831 1715 885 1745 vii.

239 1762 292 1788 99.
309 1759 378 1788 vide
391 1759 528 1789 Cluverii
542 1759 602 1789 Sic.
616 1769 647 1798 p.
666 1761 736 1789 168.

193 1798 330 1831 Potamis
344 1803 446 1840 Syr-ac.
459 1803 523 1832 viii.
536 1807 588 1832 85.

193 1841 330 1874 Potidaea
355 1846 388 1874 in
408 1846 546 1874 Pallenes
565 1845 680 1874 isthmo
697 1845 770 1881 sita,
789 1844 810 1874 i.
834 1846 885 1874 56.

235 1887 306 1916 vide
330 1888 483 1918 Herodot.
503 1888 524 1917 1.
549 1888 603 1917 vii.
627 1888 668 1917 ab
689 1889 807 1918 Athen.
833 1888 886 1916 de-

234 1930 312 1968 ficit,
344 1932 364 1961 i.
394 1935 446 1963 59.
469 1931 576 1960 stadiis
600 1931 698 1960 ferme
725 1932 766 1960 60
787 1930 884 1968 Olyn-

234 1974 291 2003 tho
306 1974 412 2011 distat,
434 1975 455 2004 i.
471 1976 523 2004 63.
538 1974 697 2004 obsidetur
708 1973 748 2003 ab
762 1973 881 2003 Athen.

235 2017 259 2047 i.
288 2020 341 2047 65.
376 2018 489 2047 acriter
514 2021 726 2056 oppugnatur,
762 2018 796 2046 ii.
831 2020 883 2046 58.

235 2059 423 2090 deditionem
449 2061 535 2098 facit,
562 2061 595 2090 ii.
618 2064 670 2092 70.
696 2069 763 2089 eam
787 2059 887 2088 Athe-

235 2104 391 2133 niensium
403 2103 524 2133 colonia
543 2104 580 2134 de
596 2104 660 2133 suis
678 2103 798 2133 civibus
811 2103 886 2132 mis-

235 2155 270 2176 sa
295 2147 446 2184 incolunt,
473 2147 548 2177 ibid.
573 2156 593 2177 a
617 2147 750 2176 Brasida
768 2147 886 2176 frustra

234 2192 388 2228 tentatur,
410 2192 452 2220 iv.
481 2195 551 2221 135.
571 2191 748 2221 Potidaeatae
775 2190 885 2220 Corin-

234 2234 372 2263 thiorum
399 2234 510 2271 coloni,
539 2234 560 2263 i.
596 2236 647 2264 56.
705 2233 883 2269 Dorienses,

234 2276 257 2306 i.
283 2281 354 2307 194.
373 2287 444 2306 cum
466 2278 583 2307 Athen.
604 2279 747 2316 pugnant
766 2279 798 2305 et
814 2277 883 2305 vin·

234 2323 361 2357 cuntur,
374 2321 395 2351 i.
411 2322 463 2350 69.

191 2360 355 2392 Potidania
387 2363 522 2400 AEtoliae,
556 2364 602 2393 iii.
636 2365 688 2394 96.
713 2361 782 2392 vide
815 2360 884 2391 Pal-

234 2407 323 2436 merii
337 2407 392 2436 Gr.
410 2410 476 2436 ant.
489 2416 522 2445 p.
537 2409 611 2436 466.
627 2410 699 2436 504.

191 2448 303 2478 Prasiae
330 2448 396 2488 a'gri
425 2451 538 2479 Lacon.
571 2459 623 2488 op.
656 2449 691 2479 ii.
725 2449 776 2477 56.
810 2445 880 2476 vide

233 2491 335 2522 Strab.
357 2492 377 2522 1.
399 2493 464 2522 viii.
486 2496 518 2523 et
545 2495 677 2522 Pausan.
699 2492 732 2520 in
753 2490 881 2520 Laconi-

233 2535 287 2564 cis.
315 2535 354 2564 ab
382 2537 497 2565 Athen.
526 2537 638 2575 dirept.
665 2534 741 2564 ibid.
770 2534 881 2563 Pmsiae

233 2578 266 2606 in
297 2579 416 2615 Attica,
448 2579 501 2609 vii.
539 2584 589 2609 18.
621 2578 687 2607 viii.
723 2580 775 2609 95.
811 2577 881 2606 vide

235 2621 339 2651 Strab.
353 2623 374 2652 1.
391 2623 433 2652 ix.
457 2623 632 2652 Prasiorum
648 2629 733 2658 ager,
748 2621 790 2650 vi.
809 2621 879 2650 105.

189 2665 390 2694 Pratodemus
406 2666 515 2695 Laced.
530 2666 661 2702 legatus,
676 2664 710 2694 ii.
727 2666 778 2694 67.

191 2707 320 2745 Priapus
347 2708 434 2745 urbs,
459 2709 524 2738 viii.
551 2711 620 2739 107.
641 2707 709 2736 vide
730 2705 835 2735 Sti-ab.
856 2705 879 2734 1.

234 2760 300 2780 1111.

969 295 1022 325 91.
1051 291 1117 329 ejus
1145 292 1254 330 caedes,
1278 293 1324 323 iii.
1347 297 1400 326 98.
1433 295 1554 327 Procles
1573 295 1619 329 A·

967 335 1055 365 then.
1071 345 1099 364 v.
1118 339 1166 366 19.
1183 340 1234 365 24.

927 378 1043 407 Procne
1076 378 1242 408 Pandionis
1275 378 1351 417 filia,
1382 380 1418 411 ii.
1440 385 1506 419 (29.
1539 392 1620 414 uxor

971 421 1075 458 Terei,
1090 421 1165 451 ibid.

928 465 1067 494 Proditio
1084 465 1216 494 Boeotiae
1235 473 1307 494 cum
1333 466 1451 496 Athen.
1467 470 1621 499 constitn-

971 510 1016 544 ια,
1043 507 1084 537 iv.
1114 510 1166 540 76.
1189 509 1223 537 in
1249 509 1374 539 irritum
1393 509 1488 548 eadit,
1506 512 1548 542 iv.
1567 516 1618 545 89.

971 551 1106 589 proditio
1133 552 1331 590 Megarorum
1365 553 1508 591 oonssoea,
1535 555 1621 586 dete-

971 597 1034 630 cta,
1059 594 1208 630 discussa,
1237 595 1278 625 iv.
1302 597 1354 625 66.
1384 596 1520 635 proditio
1542 598 1620 629 Am-

973 637 1060 675 phip.
1092 637 1133 667 iv.
1161 641 1232 668 103.
1257 638 1392 677 proditio
1411 639 1554 678 Torone,
1578 641 1622 674 iv.

976 684 1048 716 110,
1063 689 1108 720 sq.

929 723 1078 754 Ptoelium
1097 724 1180 754 inter
1198 724 1372 763 Coi-cyneae
1390 727 1424 755 et
1443 725 1622 758 Corinthiun

974 766 1096 803 navale,
1124 767 1263 797 omnium
1296 768 1559 808 antiquissimum,
1595 771 1619 801 i.

977 814 1026 840 13.
1055 810 1140 840 aliud
1162 812 1246 841 inter
1270 811 1404 849 eosdem,
1429 813 1451 843 i.
1480 817 1533 845 99.
1563 817 1618 846 49.

974 854 1058 882 inter
1088 854 1206 883 Athen.
1236 857 1269 884 et
1298 855 1489 892 Corinthios,
1515 856 1537 887 i.
1564 858 1620 889 69.

978 900 1050 932 105,
1076 905 1121 935 sq.
1146 897 1180 926 ii.
1203 901 1254 927 88.
1280 897 1322 928 iv.
1344 902 1399 928 48.
1422 898 1476 928 vii.
1493 903 1548 936 34,
1574 909 1622 939 tq.

971 939 1055 969 inter
1071 940 1189 978 Athen.
1209 943 1243 970 et
1260 941 1380 977 Persas,
1398 941 1420 971 i.
1444 945 1516 972 100.
1538 942 1622 973 inter

972 982 1090 1013 Athen.
1106 986 1139 1013 et
1150 983 1294 1020 Thasios,
1307 983 1383 1013 ibid.
1403 984 1487 1015 inter
1501 985 1620 1016 Athen.
1634 1021 1642 1027 .

973 1029 1006 1055 et
1019 1026 1122 1065 Pelop.
1138 1026 1160 1056 i.
1177 1030 1248 1056 101.
1263 1030 1334 1057 105.
1348 1027 1384 1057 ii.
1401 1029 1452 1058 86.
1468 1031 1521 1059 90.
1537 1028 1621 1060 iuver

973 1069 1092 1099 Athen.
1129 1072 1162 1099 et
1194 1070 1362 1108 AEginitas,
1386 1070 1407 1098 i.
1433 1073 1504 1101 105.
1535 1072 1620 1103 inter

973 1112 1090 1143 Athen.
1120 1115 1152 1142 et
1177 1113 1286 1142 Laced.
1301 1113 1324 1142 i.
1353 1116 1422 1145 107.
1445 1113 1487 1143 iv.
1505 1118 1557 1151 11,
1574 1124 1621 1155 sq.

972 1155 1038 1184 viii.
1052 1158 1177 1194 104,sq.
1191 1156 1273 1185 inter
1282 1156 1399 1186 Athen.
1409 1157 1622 1195 etPhtzniceu,

972 1198 995 1227 i.
1011 1202 1082 1228 108.
1094 1199 1177 1228 inter
1187 1197 1304 1228 Athen.
1317 1202 1350 1238 et
1361 1199 1501 1236 Boeotm,
1515 1200 1536 1230 i.
1552 1205 1623 1232 118.

971 1242 1014 1271 iv.
1029 1246 1083 1277 93,
1097 1251 1142 1280 sq.
1163 1242 1245 1271 inter
1258 1241 1373 1272 Athen.
1400 1244 1434 1272 et
1445 1242 1576 1281 Samios,
1597 1245 1620 1275 i.

976 1289 1047 1316 117.
1059 1285 1141 1314 inter
1158 1285 1276 1315 Athen.
1291 1287 1324 1315 et
1341 1285 1572 1325 Chalcidenses,
1584 1287 1620 1317 ii.

973 1332 1026 1364 79,
1041 1337 1089 1366 sq.
1104 1328 1199 1357 ,inter
1218 1328 1360 1359 Chaones
1373 1333 1406 1358 et
1425 1329 1567 1366 Sti-otios,
1585 1331 1620 1360 ii.

974 1375 1025 1400 81.
1039 1371 1122 1400 inter
1134 1371 1238 1410 Pelop.
1253 1374 1286 1400 et
1298 1372 1485 1410 Corcyraeos,
1501 1373 1546 1403 iii.
1568 1378 1622 1406 78-

973 1414 1058 1443 'mter
1080 1413 1295 1444 Ambraciota
1325 1417 1359 1444 et
1383 1414 1542 1446 Acarnan.
1576 1417 1622 1447 iii.

977 1458 1049 1493 109,
1063 1466 1107 1496 sq.
1124 1457 1207 1486 inter
1219 1457 1336 1487 Athen.
1350 1461 1384 1487 et
1403 1457 1622 1497 Syrwunnoc,

973 1499 1016 1530 iv.
1028 1503 1138 1538 25,sq.
1154 1501 1196 1529 vi.
1206 1505 1257 1532 70.
1265 1501 1319 1530 vii.
1329 1503 1384 1536 99,
1393 1509 1438 1540 tq.
1448 1506 1503 1539 88,
1511 1507 1622 1541 ⁸4⁴³,

972 1552 1018 1581 sq.
1044 1546 1097 1579 59,
1111 1552 1156 1581 sq.
1181 1547 1235 1580 70,
1258 1553 1305 1582 sq.
1331 1543 1414 1573 inter
1441 1544 1620 1576 Mantinon·

972 1589 1005 1615 et
1017 1586 1182 1624 Tegeatas,
1196 1587 1238 1616 iv.
1256 1590 1328 1618 184.
1352 1586 1436 1617 inter
1451 1588 1563 1620 Laced.
1587 1593 1620 1620 et

973 1629 1105 1667 Argivos
1128 1638 1297 1668 eorumque
1319 1630 1428 1667 socios,
1443 1640 1475 1661 v.
1498 1633 1553 1669 65,
1571 1642 1618 1673 tq.
1635 1668 1640 1672 ⁴

973 1672 1053 1710 quod
1067 1672 1214 1711 proelium
1234 1673 1373 1703 omnium
1392 1674 1576 1713 maximum,
1588 1685 1620 1709 v.

974 1718 1027 1747 74.
1043 1715 1125 1745 inter
1138 1716 1256 1746 Athen.
1270 1720 1302 1746 et
1321 1717 1473 1754 Milesios,
1482 1717 1550 1749 viii.
1565 1722 1619 1751 95.

973 1759 1057 1788 inter
1070 1759 1188 1789 Athen.
1202 1764 1234 1788 et
1250 1759 1356 1796 chios,
1369 1760 1436 1791 viii.
1452 1763 1506 1791 69.
1566 1763 1569 1766 “

929 1802 1082 1831 Profectio
1097 1802 1203 1832 classis
1221 1802 1337 1833 Atticoe
1355 1803 1391 1833 in
1409 1803 1558 1843 Siciliam,
1574 1806 1619 1836 vi.
1637 1841 1640 1843 Α

972 1848 1026 1881 30,
1040 1855 1085 1884 sq.

928 1888 1047 1917 Pronaei
1066 1887 1288 1927 Cephalleniam,
1309 1889 1343 1919 ii.
1363 1893 1415 1921 80.
1430 1890 1500 1920 vide
1515 1890 1621 1923 Sti-ub.

968 1930 991 1960 l.
1006 1939 1038 1960 x.

925 1973 1082 2012 Propylaea
1094 1975 1175 2003 arcis
1188 1974 1305 2004 Athen.
1321 1975 1354 2004 ii.
1369 1980 1421 2006 13.

925 2016 1093 2046 Proschion
1119 2017 1255 2053 AEtoliae,
1277 2018 1322 2048 iii.
1354 2022 1424 2048 109.
1455 2022 1527 2050 106.
1549 2020 1619 2050 vide

971 2059 1117 2089 Palmerii
1128 2061 1184 2090 Gr.
1196 2065 1266 2090 ant.
1279 2070 1311 2100 p.
1326 2064 1402 2099 458,
1415 2062 1473 2093 &c-

927 2103 1096 2141 Prosopitis
1110 2103 1224 2140 insula,
1238 2104 1261 2133 i.
1282 2107 1355 2136 109.

927 2146 1018 2175 Prote
1032 2146 1145 2182 insula,
1161 2147 1202 2176 iv.
1221 2151 1271 2177 18.

927 2190 1053 2218 Proteas
1073 2190 1190 2229 Epiclis
1210 2189 1254 2219 fil.
1277 2189 1341 2220 dux
1366 2190 1487 2222 Athen.
1511 2191 1535 2222 i.
1563 2195 1616 2222 45.

972 2233 1004 2262 ii.
1020 2237 1070 2263 93.

927 2275 1089 2305 Protesilai
1103 2275 1280 2313 delubrum,
1293 2276 1359 2307 viii.
1378 2280 1450 2307 109.

926 2318 1102 2355 Proverbin,
1117 2329 1148 2349 v.
1163 2321 1216 2349 65.

926 2362 1085 2391 Proxenus
1099 2362 1267 2401 Capotenis
1280 2361 1324 2392 fil.
1338 2362 1385 2393 iii.
1402 2366 1473 2393 10³.

923 2406 1071 2443 Prytanes
1091 2405 1209 2435 Athen.
1228 2406 1270 2435 iv.
1294 2410 1364 2437 118.
1385 2415 1416 2436 v.
1436 2409 1490 2438 ⁴⁷.
1505 2406 1548 2438 vi.
1567 2410 1617 2447 14.

966 2449 1032 2478 viii.
1049 2451 1101 2480 70.

924 2492 1174 2530 Psammetychus
1187 2495 1275 2531 pater
1289 2492 1391 2528 Inari,
1401 2491 1423 2522 i.
1441 2495 1513 2522 104.

925 2535 1052 2565 Pteleon
1079 2535 1167 2572 urbs,
1191 2545 1223 2565 v.
1251 2539 1300 2565 18.
1319 2536 1385 2566 viii.
1407 2539 1460 2565 94.
1479 2539 1533 2566 81.
1547 2534 1616 2565 vid·

967 2578 1070 2608 Strab.
1083 2578 1105 2607 l.
1121 2578 1186 2608 viii.

923 2622 1107 2651 Ptoeodorus
1117 2621 1205 2651 exsul
1219 2621 1362 2651 Thebon.
1377 2621 1418 2651 iv.
1434 2622 1487 2654 78.

924 2665 1053 2702 Ptychia.
1078 2664 1191 2700 insula,
1217 2665 1259 2695 iv.
1289 2667 1343 2695 46.
1369 2664 1439 2694 vide
1470 2662 1615 2693 minerii

967 2708 1022 2736 Gr.
1035 2712 1100 2737 ant.
1116 2717 1146 2746 p.
1158 2710 1234 2738 369.

924 2750 1036 2788 Pydius
1051 2751 1081 2781 11.
1097 2750 1162 2780 viii.
1179 2752 1249 2780 108.

191 2793 312 2830 Priene,
341 2793 364 2823 i.
397 2797 466 2823 115.
493 2793 562 2824 vide
586 2793 704 2823 Herod.
729 2792 752 2822 1.
771 2790 824 2822 vii.
846 2793 878 2820 et
920 2793 1037 2831 Pydna,
1062 2794 1086 2823 i.
1110 2796 1163 2823 61.
1182 2793 1252 2823 vide
1276 2791 1380 2823 Sti-ub.
1395 2791 1419 2821 1.
1437 2800 1468 2821 x.
1489 2790 1615 2821 obsessa

199 2865 202 2870 ,
234 2836 336 2867 Strab.
350 2836 372 2866 l.
388 2836 450 2866 xiv.

190 2879 278 2909 Proci
293 2879 432 2916 Helenoe,
448 2880 466 2909 i.
484 2886 514 2912 9.

190 2922 311 2955 Procles
336 2923 489 2956 Theodori
521 2921 563 2953 fil.
591 2923 654 2952 dux
684 2921 800 2952 Athen.
831 2921 877 2951 iii.

962 2836 1003 2884 nb
1025 2836 1208 2867 Atheniens.
1229 2836 1306 2866 ibid.
1332 2833 1407 2865 urbs
1428 2834 1612 2872 Alexandri,

924 2883 1015 2969 1¹2¹th
1024 2884 1092 2953 30701
1112 2922 1184 2960 nita,
1209 2921 1251 2953 ir.
1271 2926 1303 2953 8.
1317 2924 1370 2954 41.
1393 2919 1462 2953 vide
1475 2921 1609 2951 nunu.
