<?xml version="1.0" encoding="UTF-8"?>
<!DOCTYPE html PUBLIC "-//W3C//DTD XHTML 1.0 Transitional//EN"
    "http://www.w3.org/TR/xhtml1/DTD/xhtml1-transitional.dtd">
<html xmlns="http://www.w3.org/1999/xhtml" xml:lang="en" lang="en">
 <head>
  <title>
</title>
<meta http-equiv="Content-Type" content="text/html;charset=utf-8" />
  <meta name='ocr-system' content='tesseract 3.04.00' />
  <meta name='ocr-capabilities' content='ocr_page ocr_carea ocr_par ocr_line ocrx_word'/>
</head>
<body>
  <div class='ocr_page' id='page_1' title='image "./peloponnesia03thucuoft_0282.png"; bbox 0 0 1768 3198; ppageno 0'>
   <div class='ocr_carea' id='block_1_1' title="bbox 727 199 1180 240">
    <p class='ocr_par' dir='ltr' id='par_1_1' title="bbox 727 199 1180 240">
     <span class='ocr_line' id='line_1_1' title="bbox 727 199 1180 240; baseline 0 -2"><span class='ocrx_word' id='word_1_1' title='bbox 727 200 922 239; x_wconf 86' lang='lat' dir='ltr'>INDEX</span> <span class='ocrx_word' id='word_1_2' title='bbox 948 199 1180 240; x_wconf 84' lang='lat' dir='ltr'>RERUM.</span> 
     </span>
    </p>
   </div>
   <div class='ocr_carea' id='block_1_2' title="bbox 247 299 933 1556">
    <p class='ocr_par' dir='ltr' id='par_1_2' title="bbox 247 299 933 1556">
     <span class='ocr_line' id='line_1_2' title="bbox 277 299 932 340; baseline 0.002 -11"><span class='ocrx_word' id='word_1_3' title='bbox 277 299 443 340; x_wconf 70' lang='lat' dir='ltr'>quomodo,</span> <span class='ocrx_word' id='word_1_4' title='bbox 464 309 521 339; x_wconf 79' lang='lat' dir='ltr'>per</span> <span class='ocrx_word' id='word_1_5' title='bbox 541 309 629 339; x_wconf 78' lang='lat' dir='ltr'>quos,</span> <span class='ocrx_word' id='word_1_6' title='bbox 644 302 698 330; x_wconf 63' lang='grc' dir='ltr'><strong>8ος.</strong></span> <span class='ocrx_word' id='word_1_7' title='bbox 720 300 786 330; x_wconf 87' lang='lat' dir='ltr'>viii.</span> <span class='ocrx_word' id='word_1_8' title='bbox 803 305 855 331; x_wconf 84' lang='lat'>45.</span> <span class='ocrx_word' id='word_1_9' title='bbox 878 303 932 337; x_wconf 89' lang='grc'>66,</span> 
     </span>
     <span class='ocr_line' id='line_1_3' title="bbox 278 344 932 382; baseline -0.003 -7"><span class='ocrx_word' id='word_1_10' title='bbox 278 346 336 375; x_wconf 59' lang='grc' dir='ltr'>ἂι.</span> <span class='ocrx_word' id='word_1_11' title='bbox 354 348 476 382; x_wconf 80' lang='lat' dir='ltr'>tempus</span> <span class='ocrx_word' id='word_1_12' title='bbox 491 344 583 381; x_wconf 83' lang='lat' dir='ltr'>hujus</span> <span class='ocrx_word' id='word_1_13' title='bbox 597 345 779 378; x_wconf 78' lang='lat' dir='ltr'>mutationis</span> <span class='ocrx_word' id='word_1_14' title='bbox 793 347 932 381; x_wconf 83' lang='lat' dir='ltr'>notatur,</span> 
     </span>
     <span class='ocr_line' id='line_1_4' title="bbox 279 387 932 417; baseline 0 -1"><span class='ocrx_word' id='word_1_15' title='bbox 279 387 346 417; x_wconf 79' lang='lat' dir='ltr'>viii.</span> <span class='ocrx_word' id='word_1_16' title='bbox 372 389 424 417; x_wconf 83' lang='lat'>63.</span> <span class='ocrx_word' id='word_1_17' title='bbox 447 390 499 416; x_wconf 86' lang='grc'>68.</span> <span class='ocrx_word' id='word_1_18' title='bbox 527 388 644 417; x_wconf 84' lang='lat' dir='ltr'><strong>Athen.</strong></span> <span class='ocrx_word' id='word_1_19' title='bbox 671 388 803 417; x_wconf 84' lang='lat' dir='ltr'>advenas</span> <span class='ocrx_word' id='word_1_20' title='bbox 826 396 932 416; x_wconf 89' lang='lat' dir='ltr'>omnes</span> 
     </span>
     <span class='ocr_line' id='line_1_5' title="bbox 276 431 933 468; baseline -0.002 -8"><span class='ocrx_word' id='word_1_21' title='bbox 276 431 405 464; x_wconf 65' lang='lat' dir='ltr'>civitate</span> <span class='ocrx_word' id='word_1_22' title='bbox 432 431 561 468; x_wconf 89' lang='lat' dir='ltr'>donant,</span> <span class='ocrx_word' id='word_1_23' title='bbox 585 431 604 460; x_wconf 86' lang='lat' dir='ltr'>i.</span> <span class='ocrx_word' id='word_1_24' title='bbox 628 434 658 460; x_wconf 81' lang='grc'>2.</span> <span class='ocrx_word' id='word_1_25' title='bbox 685 431 819 460; x_wconf 83' lang='lat' dir='ltr'>colonias</span> <span class='ocrx_word' id='word_1_26' title='bbox 841 431 933 460; x_wconf 62' lang='lat' dir='ltr'>emit.-</span> 
     </span>
     <span class='ocr_line' id='line_1_6' title="bbox 277 474 932 513; baseline 0 -10"><span class='ocrx_word' id='word_1_27' title='bbox 277 477 364 510; x_wconf 82' lang='lat' dir='ltr'>tunt,</span> <span class='ocrx_word' id='word_1_28' title='bbox 386 474 428 504; x_wconf 87' lang='lat' dir='ltr'>ib.</span> <span class='ocrx_word' id='word_1_29' title='bbox 450 478 482 504; x_wconf 89' lang='lat' dir='ltr'>et</span> <span class='ocrx_word' id='word_1_30' title='bbox 507 478 555 503; x_wconf 86' lang='grc'>12.</span> <span class='ocrx_word' id='word_1_31' title='bbox 578 474 670 513; x_wconf 89' lang='lat' dir='ltr'>primi</span> <span class='ocrx_word' id='word_1_32' title='bbox 693 474 774 503; x_wconf 82' lang='lat' dir='ltr'>ferro</span> <span class='ocrx_word' id='word_1_33' title='bbox 794 474 932 512; x_wconf 85' lang='lat' dir='ltr'>deposito</span> 
     </span>
     <span class='ocr_line' id='line_1_7' title="bbox 277 517 930 556; baseline 0.002 -10"><span class='ocrx_word' id='word_1_34' title='bbox 277 517 350 547; x_wconf 84' lang='lat' dir='ltr'>vitae</span> <span class='ocrx_word' id='word_1_35' title='bbox 369 527 467 556; x_wconf 87' lang='lat' dir='ltr'>genus</span> <span class='ocrx_word' id='word_1_36' title='bbox 489 518 650 546; x_wconf 81' lang='lat' dir='ltr'>delicatius</span> <span class='ocrx_word' id='word_1_37' title='bbox 672 517 846 554; x_wconf 82' lang='lat' dir='ltr'>coluerunt,</span> <span class='ocrx_word' id='word_1_38' title='bbox 864 517 884 547; x_wconf 91' lang='lat' dir='ltr'>i.</span> <span class='ocrx_word' id='word_1_39' title='bbox 900 519 930 547; x_wconf 87' lang='grc'>6.</span> 
     </span>
     <span class='ocr_line' id='line_1_8' title="bbox 277 561 931 597; baseline 0.002 -7"><span class='ocrx_word' id='word_1_40' title='bbox 277 561 392 594; x_wconf 86' lang='lat' dir='ltr'>Delum</span> <span class='ocrx_word' id='word_1_41' title='bbox 418 561 566 597; x_wconf 80' lang='lat' dir='ltr'><strong>lustrant,</strong></span> <span class='ocrx_word' id='word_1_42' title='bbox 588 561 609 590; x_wconf 91' lang='lat' dir='ltr'>i.</span> <span class='ocrx_word' id='word_1_43' title='bbox 634 565 664 591; x_wconf 85' lang='lat'>9.</span> <span class='ocrx_word' id='word_1_44' title='bbox 693 561 738 590; x_wconf 92' lang='lat' dir='ltr'>iii.</span> <span class='ocrx_word' id='word_1_45' title='bbox 769 564 838 590; x_wconf 89' lang='grc'><strong>104.</strong></span> <span class='ocrx_word' id='word_1_46' title='bbox 860 570 931 591; x_wconf 89' lang='lat' dir='ltr'>cum</span> 
     </span>
     <span class='ocr_line' id='line_1_9' title="bbox 277 604 931 643; baseline 0 -10"><span class='ocrx_word' id='word_1_47' title='bbox 277 604 432 643; x_wconf 82' lang='lat' dir='ltr'>AEginetis</span> <span class='ocrx_word' id='word_1_48' title='bbox 442 604 558 633; x_wconf 86' lang='lat' dir='ltr'>bellum</span> <span class='ocrx_word' id='word_1_49' title='bbox 572 606 697 642; x_wconf 81' lang='lat' dir='ltr'>gerunt,</span> <span class='ocrx_word' id='word_1_50' title='bbox 709 604 729 633; x_wconf 87' lang='lat' dir='ltr'>i.</span> <span class='ocrx_word' id='word_1_51' title='bbox 745 607 792 633; x_wconf 98' lang='lat'>14.</span> <span class='ocrx_word' id='word_1_52' title='bbox 808 604 931 642; x_wconf 84' lang='lat' dir='ltr'>quando</span> 
     </span>
     <span class='ocr_line' id='line_1_10' title="bbox 276 647 930 685; baseline 0.002 -9"><span class='ocrx_word' id='word_1_53' title='bbox 276 647 378 677; x_wconf 80' lang='lat' dir='ltr'>effecti</span> <span class='ocrx_word' id='word_1_54' title='bbox 392 649 521 685; x_wconf 86' lang='lat' dir='ltr'>nautici,</span> <span class='ocrx_word' id='word_1_55' title='bbox 532 647 553 676; x_wconf 83' lang='lat' dir='ltr'>i.</span> <span class='ocrx_word' id='word_1_56' title='bbox 566 652 578 676; x_wconf 90' lang='lat'>1</span> <span class='ocrx_word' id='word_1_57' title='bbox 586 652 614 676; x_wconf 89' lang='lat'>8.</span> <span class='ocrx_word' id='word_1_58' title='bbox 631 647 708 676; x_wconf 86' lang='lat' dir='ltr'>urbe</span> <span class='ocrx_word' id='word_1_59' title='bbox 718 647 827 676; x_wconf 83' lang='lat' dir='ltr'>relicta</span> <span class='ocrx_word' id='word_1_60' title='bbox 837 657 930 677; x_wconf 81' lang='lat' dir='ltr'>naves</span> 
     </span>
     <span class='ocr_line' id='line_1_11' title="bbox 276 691 931 729; baseline 0.002 -10"><span class='ocrx_word' id='word_1_61' title='bbox 276 692 498 727; x_wconf 86' lang='lat' dir='ltr'>conscendunt,</span> <span class='ocrx_word' id='word_1_62' title='bbox 513 691 555 720; x_wconf 87' lang='lat' dir='ltr'>ib.</span> <span class='ocrx_word' id='word_1_63' title='bbox 573 693 606 720; x_wconf 85' lang='lat' dir='ltr'>et</span> <span class='ocrx_word' id='word_1_64' title='bbox 619 694 671 722; x_wconf 86' lang='lat'>74.</span> <span class='ocrx_word' id='word_1_65' title='bbox 690 691 814 729; x_wconf 87' lang='lat' dir='ltr'>quando</span> <span class='ocrx_word' id='word_1_66' title='bbox 827 700 846 720; x_wconf 92' lang='lat' dir='ltr'>a</span> <span class='ocrx_word' id='word_1_67' title='bbox 859 692 931 720; x_wconf 89' lang='lat' dir='ltr'>Lac.</span> 
     </span>
     <span class='ocr_line' id='line_1_12' title="bbox 275 734 931 772; baseline -0.003 -7"><span class='ocrx_word' id='word_1_68' title='bbox 275 734 445 771; x_wconf 83' lang='lat' dir='ltr'>dissociati,</span> <span class='ocrx_word' id='word_1_69' title='bbox 461 736 516 764; x_wconf 87' lang='lat' dir='ltr'>&amp;c.</span> <span class='ocrx_word' id='word_1_70' title='bbox 538 734 621 763; x_wconf 85' lang='lat' dir='ltr'>inter</span> <span class='ocrx_word' id='word_1_71' title='bbox 639 743 672 763; x_wconf 86' lang='lat' dir='ltr'>se</span> <span class='ocrx_word' id='word_1_72' title='bbox 688 734 803 763; x_wconf 88' lang='lat' dir='ltr'>bellum</span> <span class='ocrx_word' id='word_1_73' title='bbox 823 743 931 772; x_wconf 82' lang='lat' dir='ltr'>gerere</span> 
     </span>
     <span class='ocr_line' id='line_1_13' title="bbox 276 778 932 816; baseline -0.002 -9"><span class='ocrx_word' id='word_1_74' title='bbox 276 778 441 816; x_wconf 86' lang='lat' dir='ltr'>coeperint,</span> <span class='ocrx_word' id='word_1_75' title='bbox 458 778 478 806; x_wconf 87' lang='lat' dir='ltr'>i.</span> <span class='ocrx_word' id='word_1_76' title='bbox 498 782 545 807; x_wconf 87' lang='lat'>18.</span> <span class='ocrx_word' id='word_1_77' title='bbox 568 778 719 816; x_wconf 86' lang='lat' dir='ltr'>quomodo</span> <span class='ocrx_word' id='word_1_78' title='bbox 732 778 821 807; x_wconf 88' lang='lat' dir='ltr'>sociis</span> <span class='ocrx_word' id='word_1_79' title='bbox 835 778 932 816; x_wconf 87' lang='lat' dir='ltr'>impe-</span> 
     </span>
     <span class='ocr_line' id='line_1_14' title="bbox 275 821 931 860; baseline -0.002 -9"><span class='ocrx_word' id='word_1_80' title='bbox 275 822 388 857; x_wconf 75' lang='lat' dir='ltr'>tarint,</span> <span class='ocrx_word' id='word_1_81' title='bbox 401 821 420 850; x_wconf 93' lang='lat' dir='ltr'>i.</span> <span class='ocrx_word' id='word_1_82' title='bbox 438 825 486 852; x_wconf 88' lang='lat'>19.</span> <span class='ocrx_word' id='word_1_83' title='bbox 501 823 552 853; x_wconf 90' lang='grc'>76.</span> <span class='ocrx_word' id='word_1_84' title='bbox 569 825 621 853; x_wconf 82' lang='grc'>99.</span> <span class='ocrx_word' id='word_1_85' title='bbox 635 821 676 850; x_wconf 87' lang='lat' dir='ltr'>vi.</span> <span class='ocrx_word' id='word_1_86' title='bbox 691 823 742 853; x_wconf 90' lang='lat'>76.</span> <span class='ocrx_word' id='word_1_87' title='bbox 765 822 931 860; x_wconf 81' lang='lat' dir='ltr'>Corcyraeis</span> 
     </span>
     <span class='ocr_line' id='line_1_15' title="bbox 276 864 932 903; baseline 0 -9"><span class='ocrx_word' id='word_1_88' title='bbox 276 865 310 894; x_wconf 87' lang='lat' dir='ltr'>in</span> <span class='ocrx_word' id='word_1_89' title='bbox 333 865 503 894; x_wconf 79' lang='lat' dir='ltr'><strong>amicitiam</strong></span> <span class='ocrx_word' id='word_1_90' title='bbox 527 865 659 903; x_wconf 85' lang='lat' dir='ltr'>acceptis</span> <span class='ocrx_word' id='word_1_91' title='bbox 685 864 836 894; x_wconf 86' lang='lat' dir='ltr'>auxilium</span> <span class='ocrx_word' id='word_1_92' title='bbox 859 865 932 894; x_wconf 91' lang='lat' dir='ltr'>mit-</span> 
     </span>
     <span class='ocr_line' id='line_1_16' title="bbox 275 908 931 945; baseline 0.002 -9"><span class='ocrx_word' id='word_1_93' title='bbox 275 911 360 944; x_wconf 74' lang='lat' dir='ltr'>tunt,</span> <span class='ocrx_word' id='word_1_94' title='bbox 374 908 395 937; x_wconf 88' lang='lat' dir='ltr'>i.</span> <span class='ocrx_word' id='word_1_95' title='bbox 412 909 529 945; x_wconf 79' lang='lat' dir='ltr'>29,&amp;c.</span> <span class='ocrx_word' id='word_1_96' title='bbox 547 917 617 937; x_wconf 89' lang='lat' dir='ltr'>cum</span> <span class='ocrx_word' id='word_1_97' title='bbox 632 908 803 938; x_wconf 67' lang='lat' dir='ltr'>Corinthiis</span> <span class='ocrx_word' id='word_1_98' title='bbox 819 917 931 938; x_wconf 87' lang='lat' dir='ltr'>manus</span> 
     </span>
     <span class='ocr_line' id='line_1_17' title="bbox 272 951 931 990; baseline 0 -10"><span class='ocrx_word' id='word_1_99' title='bbox 272 955 456 988; x_wconf 82' lang='lat' dir='ltr'>conserunt,</span> <span class='ocrx_word' id='word_1_100' title='bbox 479 951 500 981; x_wconf 85' lang='lat' dir='ltr'>i.</span> <span class='ocrx_word' id='word_1_101' title='bbox 524 955 578 987; x_wconf 84' lang='lat'>49,</span> <span class='ocrx_word' id='word_1_102' title='bbox 601 961 646 990; x_wconf 80' lang='lat' dir='ltr'>sq.</span> <span class='ocrx_word' id='word_1_103' title='bbox 674 961 751 990; x_wconf 84' lang='lat' dir='ltr'>quas</span> <span class='ocrx_word' id='word_1_104' title='bbox 778 961 827 981; x_wconf 90' lang='lat' dir='ltr'>res</span> <span class='ocrx_word' id='word_1_105' title='bbox 850 953 931 981; x_wconf 83' lang='lat' dir='ltr'>circa</span> 
     </span>
     <span class='ocr_line' id='line_1_18' title="bbox 276 995 931 1034; baseline -0.002 -9"><span class='ocrx_word' id='word_1_106' title='bbox 276 995 441 1025; x_wconf 76' lang='lat' dir='ltr'>l‘otidaeam</span> <span class='ocrx_word' id='word_1_107' title='bbox 464 995 628 1033; x_wconf 70' lang='lat' dir='ltr'><strong>gesserint,</strong></span> <span class='ocrx_word' id='word_1_108' title='bbox 652 995 672 1024; x_wconf 85' lang='lat' dir='ltr'>i.</span> <span class='ocrx_word' id='word_1_109' title='bbox 697 998 750 1032; x_wconf 86' lang='lat'>56,</span> <span class='ocrx_word' id='word_1_110' title='bbox 770 1005 814 1034; x_wconf 91' lang='lat' dir='ltr'>sq.</span> <span class='ocrx_word' id='word_1_111' title='bbox 858 997 931 1025; x_wconf 87' lang='lat' dir='ltr'>Per-</span> 
     </span>
     <span class='ocr_line' id='line_1_19' title="bbox 275 1038 932 1078; baseline 0.002 -11"><span class='ocrx_word' id='word_1_112' title='bbox 275 1038 368 1067; x_wconf 77' lang='lat' dir='ltr'>‹liccae</span> <span class='ocrx_word' id='word_1_113' title='bbox 391 1038 506 1068; x_wconf 87' lang='lat' dir='ltr'>bellum</span> <span class='ocrx_word' id='word_1_114' title='bbox 529 1039 680 1075; x_wconf 85' lang='lat' dir='ltr'>inferunt,</span> <span class='ocrx_word' id='word_1_115' title='bbox 703 1039 724 1067; x_wconf 89' lang='lat' dir='ltr'>i.</span> <span class='ocrx_word' id='word_1_116' title='bbox 750 1043 801 1070; x_wconf 89' lang='grc'>59.</span> <span class='ocrx_word' id='word_1_117' title='bbox 823 1042 932 1078; x_wconf 84' lang='lat' dir='ltr'>postea</span> 
     </span>
     <span class='ocr_line' id='line_1_20' title="bbox 276 1082 932 1121; baseline 0.002 -10"><span class='ocrx_word' id='word_1_118' title='bbox 276 1082 455 1111; x_wconf 70' lang='lat' dir='ltr'>societatem</span> <span class='ocrx_word' id='word_1_119' title='bbox 475 1092 546 1111; x_wconf 91' lang='lat' dir='ltr'>cum</span> <span class='ocrx_word' id='word_1_120' title='bbox 568 1091 604 1111; x_wconf 84' lang='lat' dir='ltr'>eo</span> <span class='ocrx_word' id='word_1_121' title='bbox 626 1082 748 1118; x_wconf 84' lang='lat' dir='ltr'>ineunt,</span> <span class='ocrx_word' id='word_1_122' title='bbox 764 1083 784 1111; x_wconf 88' lang='lat' dir='ltr'>i.</span> <span class='ocrx_word' id='word_1_123' title='bbox 799 1085 852 1112; x_wconf 88' lang='lat'>61.</span> <span class='ocrx_word' id='word_1_124' title='bbox 873 1091 932 1121; x_wconf 88' lang='lat' dir='ltr'>pu-</span> 
     </span>
     <span class='ocr_line' id='line_1_21' title="bbox 275 1125 930 1163; baseline 0.003 -9"><span class='ocrx_word' id='word_1_125' title='bbox 275 1128 376 1163; x_wconf 84' lang='lat' dir='ltr'>gnant</span> <span class='ocrx_word' id='word_1_126' title='bbox 388 1134 459 1154; x_wconf 78' lang='lat' dir='ltr'>eum</span> <span class='ocrx_word' id='word_1_127' title='bbox 474 1125 644 1156; x_wconf 79' lang='lat' dir='ltr'>Corinthiis</span> <span class='ocrx_word' id='word_1_128' title='bbox 663 1128 696 1154; x_wconf 91' lang='lat' dir='ltr'>et</span> <span class='ocrx_word' id='word_1_129' title='bbox 708 1126 895 1162; x_wconf 84' lang='lat' dir='ltr'>Potidaeatis‚</span> <span class='ocrx_word' id='word_1_130' title='bbox 909 1126 930 1156; x_wconf 90' lang='lat' dir='ltr'>i.</span> 
     </span>
     <span class='ocr_line' id='line_1_22' title="bbox 277 1169 932 1208; baseline 0.003 -11"><span class='ocrx_word' id='word_1_131' title='bbox 277 1172 330 1198; x_wconf 81' lang='grc'>62.</span> <span class='ocrx_word' id='word_1_132' title='bbox 357 1172 390 1198; x_wconf 89' lang='lat' dir='ltr'>et</span> <span class='ocrx_word' id='word_1_133' title='bbox 411 1170 542 1199; x_wconf 89' lang='lat' dir='ltr'>victoria</span> <span class='ocrx_word' id='word_1_134' title='bbox 563 1169 740 1208; x_wconf 87' lang='lat' dir='ltr'>potiuntur,</span> <span class='ocrx_word' id='word_1_135' title='bbox 762 1169 804 1198; x_wconf 91' lang='lat' dir='ltr'>ib.</span> <span class='ocrx_word' id='word_1_136' title='bbox 849 1170 932 1199; x_wconf 72' lang='lat' dir='ltr'>poti.-</span> 
     </span>
     <span class='ocr_line' id='line_1_23' title="bbox 276 1212 931 1251; baseline 0 -9"><span class='ocrx_word' id='word_1_137' title='bbox 276 1214 373 1242; x_wconf 86' lang='lat' dir='ltr'>daeam</span> <span class='ocrx_word' id='word_1_138' title='bbox 395 1212 549 1250; x_wconf 81' lang='lat' dir='ltr'>obsident,</span> <span class='ocrx_word' id='word_1_139' title='bbox 572 1213 592 1242; x_wconf 92' lang='lat' dir='ltr'>i.</span> <span class='ocrx_word' id='word_1_140' title='bbox 616 1215 669 1248; x_wconf 83' lang='lat'>64,</span> <span class='ocrx_word' id='word_1_141' title='bbox 688 1222 731 1251; x_wconf 88' lang='lat' dir='ltr'>sq.</span> <span class='ocrx_word' id='word_1_142' title='bbox 754 1222 860 1242; x_wconf 81' lang='lat' dir='ltr'>eorum</span> <span class='ocrx_word' id='word_1_143' title='bbox 884 1213 931 1242; x_wconf 90' lang='lat' dir='ltr'>in-</span> 
     </span>
     <span class='ocr_line' id='line_1_24' title="bbox 247 1256 931 1294; baseline 0.004 -10"><span class='ocrx_word' id='word_1_144' title='bbox 247 1268 252 1271; x_wconf 42' lang='lat'><em>*</em></span> <span class='ocrx_word' id='word_1_145' title='bbox 276 1256 416 1294; x_wconf 81' lang='lat' dir='ltr'>genium,</span> <span class='ocrx_word' id='word_1_146' title='bbox 440 1266 552 1292; x_wconf 85' lang='lat' dir='ltr'>mores,</span> <span class='ocrx_word' id='word_1_147' title='bbox 576 1257 631 1286; x_wconf 73' lang='grc' dir='ltr'><strong>διε.</strong></span> <span class='ocrx_word' id='word_1_148' title='bbox 658 1256 678 1285; x_wconf 89' lang='lat' dir='ltr'>i.</span> <span class='ocrx_word' id='word_1_149' title='bbox 701 1260 753 1287; x_wconf 83' lang='grc'>49.</span> <span class='ocrx_word' id='word_1_150' title='bbox 780 1261 849 1285; x_wconf 81' lang='grc'><strong>102.</strong></span> <span class='ocrx_word' id='word_1_151' title='bbox 877 1257 931 1287; x_wconf 88' lang='lat' dir='ltr'>vii.</span> 
     </span>
     <span class='ocr_line' id='line_1_25' title="bbox 283 1300 932 1338; baseline 0.002 -10"><span class='ocrx_word' id='word_1_152' title='bbox 283 1303 330 1328; x_wconf 83' lang='lat'>14.</span> <span class='ocrx_word' id='word_1_153' title='bbox 345 1303 396 1329; x_wconf 82' lang='lat'>48.</span> <span class='ocrx_word' id='word_1_154' title='bbox 419 1308 526 1329; x_wconf 87' lang='lat' dir='ltr'>eorum</span> <span class='ocrx_word' id='word_1_155' title='bbox 544 1300 639 1338; x_wconf 77' lang='lat' dir='ltr'>legati</span> <span class='ocrx_word' id='word_1_156' title='bbox 659 1300 846 1338; x_wconf 83' lang='lat' dir='ltr'>respondent</span> <span class='ocrx_word' id='word_1_157' title='bbox 863 1310 932 1330; x_wconf 86' lang='lat' dir='ltr'>ora-</span> 
     </span>
     <span class='ocr_line' id='line_1_26' title="bbox 276 1343 932 1382; baseline 0 -10"><span class='ocrx_word' id='word_1_158' title='bbox 276 1343 357 1372; x_wconf 85' lang='lat' dir='ltr'>tioni</span> <span class='ocrx_word' id='word_1_159' title='bbox 371 1343 616 1380; x_wconf 84' lang='lat' dir='ltr'>Corinthiorum,</span> <span class='ocrx_word' id='word_1_160' title='bbox 638 1343 659 1372; x_wconf 87' lang='lat' dir='ltr'>i.</span> <span class='ocrx_word' id='word_1_161' title='bbox 681 1348 735 1379; x_wconf 81' lang='lat'>73,</span> <span class='ocrx_word' id='word_1_162' title='bbox 755 1353 799 1382; x_wconf 88' lang='lat' dir='ltr'>sq.</span> <span class='ocrx_word' id='word_1_163' title='bbox 822 1343 932 1373; x_wconf 89' lang='lat' dir='ltr'>urbem</span> 
     </span>
     <span class='ocr_line' id='line_1_27' title="bbox 277 1386 932 1422; baseline 0 -7"><span class='ocrx_word' id='word_1_164' title='bbox 277 1389 311 1416; x_wconf 85' lang='lat' dir='ltr'>et</span> <span class='ocrx_word' id='word_1_165' title='bbox 330 1387 448 1416; x_wconf 87' lang='lat' dir='ltr'>moenia</span> <span class='ocrx_word' id='word_1_166' title='bbox 467 1387 656 1422; x_wconf 86' lang='lat' dir='ltr'>instaurant,</span> <span class='ocrx_word' id='word_1_167' title='bbox 670 1386 691 1416; x_wconf 88' lang='lat' dir='ltr'>i.</span> <span class='ocrx_word' id='word_1_168' title='bbox 712 1391 764 1422; x_wconf 86' lang='lat'>89,</span> <span class='ocrx_word' id='word_1_169' title='bbox 779 1388 832 1416; x_wconf 86' lang='lat' dir='ltr'>&amp;c.</span> <span class='ocrx_word' id='word_1_170' title='bbox 855 1388 932 1416; x_wconf 82' lang='lat' dir='ltr'>duce</span> 
     </span>
     <span class='ocr_line' id='line_1_28' title="bbox 276 1430 931 1468; baseline 0 -8"><span class='ocrx_word' id='word_1_171' title='bbox 276 1430 433 1460; x_wconf 80' lang='lat' dir='ltr'>Pausania</span> <span class='ocrx_word' id='word_1_172' title='bbox 445 1440 515 1459; x_wconf 90' lang='lat' dir='ltr'>cum</span> <span class='ocrx_word' id='word_1_173' title='bbox 529 1430 629 1460; x_wconf 81' lang='lat' dir='ltr'>Persis</span> <span class='ocrx_word' id='word_1_174' title='bbox 642 1430 758 1459; x_wconf 80' lang='lat' dir='ltr'>bellum</span> <span class='ocrx_word' id='word_1_175' title='bbox 771 1433 896 1468; x_wconf 80' lang='lat' dir='ltr'>gerunt,</span> <span class='ocrx_word' id='word_1_176' title='bbox 911 1431 931 1460; x_wconf 90' lang='lat' dir='ltr'>i.</span> 
     </span>
     <span class='ocr_line' id='line_1_29' title="bbox 277 1473 932 1512; baseline 0 -10"><span class='ocrx_word' id='word_1_177' title='bbox 277 1477 331 1504; x_wconf 89' lang='lat'>94.</span> <span class='ocrx_word' id='word_1_178' title='bbox 352 1473 508 1503; x_wconf 78' lang='lat' dir='ltr'>tributum</span> <span class='ocrx_word' id='word_1_179' title='bbox 529 1473 660 1512; x_wconf 86' lang='lat' dir='ltr'>exigunt</span> <span class='ocrx_word' id='word_1_180' title='bbox 681 1483 701 1502; x_wconf 89' lang='lat' dir='ltr'>a</span> <span class='ocrx_word' id='word_1_181' title='bbox 721 1474 823 1509; x_wconf 81' lang='lat' dir='ltr'>sociis,</span> <span class='ocrx_word' id='word_1_182' title='bbox 838 1474 858 1502; x_wconf 92' lang='lat' dir='ltr'>i.</span> <span class='ocrx_word' id='word_1_183' title='bbox 879 1478 932 1509; x_wconf 85' lang='lat'>95,</span> 
     </span>
     <span class='ocr_line' id='line_1_30' title="bbox 278 1517 933 1556; baseline -0.002 -10"><span class='ocrx_word' id='word_1_184' title='bbox 278 1527 323 1556; x_wconf 84' lang='lat' dir='ltr'>sq.</span> <span class='ocrx_word' id='word_1_185' title='bbox 351 1518 459 1546; x_wconf 85' lang='lat' dir='ltr'>Medos</span> <span class='ocrx_word' id='word_1_186' title='bbox 481 1517 519 1546; x_wconf 86' lang='lat' dir='ltr'>ad</span> <span class='ocrx_word' id='word_1_187' title='bbox 534 1517 565 1546; x_wconf 83' lang='lat' dir='ltr'>fl.</span> <span class='ocrx_word' id='word_1_188' title='bbox 586 1518 714 1555; x_wconf 82' lang='lat' dir='ltr'>Eurym.</span> <span class='ocrx_word' id='word_1_189' title='bbox 737 1521 897 1555; x_wconf 78' lang='lat' dir='ltr'>superant,</span> <span class='ocrx_word' id='word_1_190' title='bbox 912 1518 933 1548; x_wconf 89' lang='lat' dir='ltr'>i.</span> 
     </span>
    </p>
   </div>
   <div class='ocr_carea' id='block_1_3' title="bbox 281 1560 970 1596">
    <p class='ocr_par' dir='ltr' id='par_1_3' title="bbox 281 1560 970 1596">
     <span class='ocr_line' id='line_1_31' title="bbox 281 1560 970 1596; baseline -0.001 -6"><span class='ocrx_word' id='word_1_191' title='bbox 281 1564 351 1590; x_wconf 89' lang='lat'>100.</span> <span class='ocrx_word' id='word_1_192' title='bbox 395 1561 518 1591; x_wconf 88' lang='lat' dir='ltr'>Thasiis</span> <span class='ocrx_word' id='word_1_193' title='bbox 553 1560 670 1589; x_wconf 88' lang='lat' dir='ltr'>bellum</span> <span class='ocrx_word' id='word_1_194' title='bbox 702 1560 832 1596; x_wconf 71' lang='lat' dir='ltr'>faciunt,</span> <span class='ocrx_word' id='word_1_195' title='bbox 860 1560 934 1590; x_wconf 88' lang='lat' dir='ltr'>ibid.</span> <span class='ocrx_word' id='word_1_196' title='bbox 964 1581 970 1585; x_wconf 80' lang='lat'><em>-</em></span> 
     </span>
    </p>
   </div>
   <div class='ocr_carea' id='block_1_4' title="bbox 247 1603 936 2985">
    <p class='ocr_par' dir='ltr' id='par_1_4' title="bbox 247 1603 936 2985">
     <span class='ocr_line' id='line_1_32' title="bbox 279 1603 931 1643; baseline 0.002 -11"><span class='ocrx_word' id='word_1_197' title='bbox 279 1613 392 1642; x_wconf 83' lang='lat' dir='ltr'>eosque</span> <span class='ocrx_word' id='word_1_198' title='bbox 417 1604 579 1642; x_wconf 78' lang='lat' dir='ltr'>subigunt,</span> <span class='ocrx_word' id='word_1_199' title='bbox 605 1603 647 1633; x_wconf 89' lang='lat' dir='ltr'>ib.</span> <span class='ocrx_word' id='word_1_200' title='bbox 671 1608 798 1643; x_wconf 87' lang='lat' dir='ltr'>propter</span> <span class='ocrx_word' id='word_1_201' title='bbox 822 1605 931 1634; x_wconf 86' lang='lat' dir='ltr'>Laced.</span> 
     </span>
     <span class='ocr_line' id='line_1_33' title="bbox 277 1647 931 1686; baseline 0.002 -10"><span class='ocrx_word' id='word_1_202' title='bbox 277 1648 484 1686; x_wconf 79' lang='lat' dir='ltr'>suspicionem</span> <span class='ocrx_word' id='word_1_203' title='bbox 512 1657 545 1676; x_wconf 85' lang='lat' dir='ltr'>se</span> <span class='ocrx_word' id='word_1_204' title='bbox 576 1647 717 1686; x_wconf 88' lang='lat' dir='ltr'>jungunt</span> <span class='ocrx_word' id='word_1_205' title='bbox 742 1647 879 1686; x_wconf 80' lang='lat' dir='ltr'>Argivis,</span> <span class='ocrx_word' id='word_1_206' title='bbox 910 1648 931 1677; x_wconf 85' lang='lat' dir='ltr'>i.</span> 
     </span>
     <span class='ocr_line' id='line_1_34' title="bbox 281 1691 931 1730; baseline -0.003 -9"><span class='ocrx_word' id='word_1_207' title='bbox 281 1695 352 1721; x_wconf 76' lang='lat'>102.</span> <span class='ocrx_word' id='word_1_208' title='bbox 396 1691 529 1721; x_wconf 87' lang='lat' dir='ltr'>Helotas</span> <span class='ocrx_word' id='word_1_209' title='bbox 551 1691 706 1729; x_wconf 87' lang='lat' dir='ltr'>recipiunt</span> <span class='ocrx_word' id='word_1_210' title='bbox 725 1694 757 1720; x_wconf 88' lang='lat' dir='ltr'>et</span> <span class='ocrx_word' id='word_1_211' title='bbox 775 1691 931 1730; x_wconf 83' lang='lat' dir='ltr'>Naupacti</span> 
     </span>
     <span class='ocr_line' id='line_1_35' title="bbox 277 1734 930 1773; baseline 0.002 -10"><span class='ocrx_word' id='word_1_212' title='bbox 277 1734 441 1771; x_wconf 86' lang='lat' dir='ltr'>collocant,</span> <span class='ocrx_word' id='word_1_213' title='bbox 469 1735 490 1764; x_wconf 91' lang='lat' dir='ltr'>i.</span> <span class='ocrx_word' id='word_1_214' title='bbox 520 1738 590 1764; x_wconf 78' lang='lat'>103.</span> <span class='ocrx_word' id='word_1_215' title='bbox 617 1734 737 1763; x_wconf 82' lang='lat' dir='ltr'>&#39;bellum</span> <span class='ocrx_word' id='word_1_216' title='bbox 762 1741 876 1773; x_wconf 84' lang='lat' dir='ltr'>gerunt</span> <span class='ocrx_word' id='word_1_217' title='bbox 899 1734 930 1764; x_wconf 89' lang='lat' dir='ltr'>in</span> 
     </span>
     <span class='ocr_line' id='line_1_36' title="bbox 247 1778 934 1816; baseline -0.003 -8"><span class='ocrx_word' id='word_1_218' title='bbox 247 1795 250 1800; x_wconf 98' lang='lat'>-</span> <span class='ocrx_word' id='word_1_219' title='bbox 276 1779 425 1816; x_wconf 83' lang='lat' dir='ltr'>AEgypto,</span> <span class='ocrx_word' id='word_1_220' title='bbox 443 1778 463 1807; x_wconf 86' lang='lat' dir='ltr'>i.</span> <span class='ocrx_word' id='word_1_221' title='bbox 484 1781 554 1808; x_wconf 82' lang='grc'><strong>104.</strong></span> <span class='ocrx_word' id='word_1_222' title='bbox 575 1783 719 1816; x_wconf 82' lang='lat' dir='ltr'>pugnant</span> <span class='ocrx_word' id='word_1_223' title='bbox 733 1787 810 1806; x_wconf 89' lang='lat' dir='ltr'>-cum</span> <span class='ocrx_word' id='word_1_224' title='bbox 825 1778 934 1807; x_wconf 82' lang='lat' dir='ltr'>Corin-</span> 
     </span>
     <span class='ocr_line' id='line_1_37' title="bbox 277 1821 933 1859; baseline 0.002 -9"><span class='ocrx_word' id='word_1_225' title='bbox 277 1821 353 1851; x_wconf 82' lang='lat' dir='ltr'>thiis</span> <span class='ocrx_word' id='word_1_226' title='bbox 383 1824 415 1850; x_wconf 83' lang='lat' dir='ltr'>et</span> <span class='ocrx_word' id='word_1_227' title='bbox 442 1821 633 1859; x_wconf 86' lang='lat' dir='ltr'>Epidauriis,</span> <span class='ocrx_word' id='word_1_228' title='bbox 657 1821 678 1850; x_wconf 90' lang='lat' dir='ltr'>i.</span> <span class='ocrx_word' id='word_1_229' title='bbox 705 1824 774 1850; x_wconf 87' lang='grc'><strong>105.</strong></span> <span class='ocrx_word' id='word_1_230' title='bbox 808 1824 840 1850; x_wconf 89' lang='lat' dir='ltr'>et</span> <span class='ocrx_word' id='word_1_231' title='bbox 863 1830 933 1851; x_wconf 87' lang='lat' dir='ltr'>cum</span> 
     </span>
     <span class='ocr_line' id='line_1_38' title="bbox 277 1864 933 1902; baseline -0.002 -9"><span class='ocrx_word' id='word_1_232' title='bbox 277 1865 445 1902; x_wconf 81' lang='lat' dir='ltr'>AEginetis,</span> <span class='ocrx_word' id='word_1_233' title='bbox 472 1864 546 1893; x_wconf 83' lang='lat' dir='ltr'>ibid.</span> <span class='ocrx_word' id='word_1_234' title='bbox 584 1867 617 1893; x_wconf 87' lang='lat' dir='ltr'>et</span> <span class='ocrx_word' id='word_1_235' title='bbox 651 1873 721 1893; x_wconf 88' lang='lat' dir='ltr'>cum</span> <span class='ocrx_word' id='word_1_236' title='bbox 751 1864 933 1900; x_wconf 81' lang='lat' dir='ltr'>Corinthiis,</span> 
     </span>
     <span class='ocr_line' id='line_1_39' title="bbox 255 1901 933 1946; baseline 0 -10"><span class='ocrx_word' id='word_1_237' title='bbox 255 1901 354 1937; x_wconf 70' lang='lat' dir='ltr'>«ibid.</span> <span class='ocrx_word' id='word_1_238' title='bbox 377 1908 484 1946; x_wconf 86' lang='lat' dir='ltr'>longos</span> <span class='ocrx_word' id='word_1_239' title='bbox 504 1916 608 1936; x_wconf 84' lang='lat' dir='ltr'>muros</span> <span class='ocrx_word' id='word_1_240' title='bbox 630 1907 794 1942; x_wconf 72' lang='lat' dir='ltr'>aedificant,</span> <span class='ocrx_word' id='word_1_241' title='bbox 817 1908 837 1936; x_wconf 89' lang='lat' dir='ltr'>i.</span> <span class='ocrx_word' id='word_1_242' title='bbox 865 1911 933 1938; x_wconf 84' lang='lat'>107.</span> 
     </span>
     <span class='ocr_line' id='line_1_40' title="bbox 279 1950 935 1990; baseline -0.002 -11"><span class='ocrx_word' id='word_1_243' title='bbox 279 1955 423 1990; x_wconf 85' lang='lat' dir='ltr'>pugnant</span> <span class='ocrx_word' id='word_1_244' title='bbox 440 1960 511 1979; x_wconf 92' lang='lat' dir='ltr'>cum</span> <span class='ocrx_word' id='word_1_245' title='bbox 529 1950 637 1980; x_wconf 82' lang='lat' dir='ltr'>Laced.</span> <span class='ocrx_word' id='word_1_246' title='bbox 653 1950 727 1980; x_wconf 88' lang='lat' dir='ltr'>ibid.</span> <span class='ocrx_word' id='word_1_247' title='bbox 741 1951 795 1979; x_wconf 79' lang='grc' dir='ltr'><strong>διο.</strong></span> <span class='ocrx_word' id='word_1_248' title='bbox 840 1950 935 1979; x_wconf 66' lang='grc' dir='ltr'>Βοια-</span> 
     </span>
     <span class='ocr_line' id='line_1_41' title="bbox 278 1993 934 2032; baseline -0.003 -8"><span class='ocrx_word' id='word_1_249' title='bbox 278 1993 328 2024; x_wconf 73' lang='lat' dir='ltr'>tos</span> <span class='ocrx_word' id='word_1_250' title='bbox 342 1997 374 2024; x_wconf 81' lang='lat' dir='ltr'>et</span> <span class='ocrx_word' id='word_1_251' title='bbox 388 1995 499 2024; x_wconf 85' lang='lat' dir='ltr'>Locros</span> <span class='ocrx_word' id='word_1_252' title='bbox 513 1993 674 2032; x_wconf 84' lang='lat' dir='ltr'>subigunt,</span> <span class='ocrx_word' id='word_1_253' title='bbox 690 1995 745 2023; x_wconf 90' lang='lat' dir='ltr'>&amp;c.</span> <span class='ocrx_word' id='word_1_254' title='bbox 764 1993 784 2022; x_wconf 92' lang='lat' dir='ltr'>i.</span> <span class='ocrx_word' id='word_1_255' title='bbox 802 1996 874 2029; x_wconf 89' lang='lat'>108,</span> <span class='ocrx_word' id='word_1_256' title='bbox 888 2003 934 2032; x_wconf 88' lang='lat' dir='ltr'>sq.</span> 
     </span>
     <span class='ocr_line' id='line_1_42' title="bbox 277 2036 936 2077; baseline -0.002 -11"><span class='ocrx_word' id='word_1_257' title='bbox 277 2037 382 2076; x_wconf 87' lang='lat' dir='ltr'>Pelop.</span> <span class='ocrx_word' id='word_1_258' title='bbox 403 2037 643 2077; x_wconf 82' lang='lat' dir='ltr'>depopulantur,</span> <span class='ocrx_word' id='word_1_259' title='bbox 655 2037 697 2066; x_wconf 93' lang='lat' dir='ltr'>ib.</span> <span class='ocrx_word' id='word_1_260' title='bbox 719 2038 854 2075; x_wconf 76' lang='lat' dir='ltr'>AEgypto</span> <span class='ocrx_word' id='word_1_261' title='bbox 866 2036 936 2075; x_wconf 86' lang='lat' dir='ltr'>pul-</span> 
     </span>
     <span class='ocr_line' id='line_1_43' title="bbox 280 2079 936 2119; baseline -0.002 -9"><span class='ocrx_word' id='word_1_262' title='bbox 280 2081 320 2118; x_wconf 87' lang='lat' dir='ltr'>si,</span> <span class='ocrx_word' id='word_1_263' title='bbox 334 2081 354 2110; x_wconf 92' lang='lat' dir='ltr'>i.</span> <span class='ocrx_word' id='word_1_264' title='bbox 374 2085 446 2117; x_wconf 88' lang='grc'><strong>109,</strong></span> <span class='ocrx_word' id='word_1_265' title='bbox 460 2090 505 2119; x_wconf 85' lang='lat' dir='ltr'>sq.</span> <span class='ocrx_word' id='word_1_266' title='bbox 527 2081 673 2110; x_wconf 79' lang='lat' dir='ltr'>adversus</span> <span class='ocrx_word' id='word_1_267' title='bbox 687 2079 868 2110; x_wconf 86' lang='lat' dir='ltr'>Pharsalum</span> <span class='ocrx_word' id='word_1_268' title='bbox 882 2090 936 2109; x_wconf 85' lang='lat' dir='ltr'>ex-</span> 
     </span>
     <span class='ocr_line' id='line_1_44' title="bbox 278 2124 936 2163; baseline -0.002 -11"><span class='ocrx_word' id='word_1_269' title='bbox 278 2124 467 2163; x_wconf 86' lang='lat' dir='ltr'>peditionem</span> <span class='ocrx_word' id='word_1_270' title='bbox 481 2124 666 2163; x_wconf 87' lang='lat' dir='ltr'>suscipiunt,</span> <span class='ocrx_word' id='word_1_271' title='bbox 682 2124 702 2153; x_wconf 91' lang='lat' dir='ltr'>i.</span> <span class='ocrx_word' id='word_1_272' title='bbox 721 2127 790 2154; x_wconf 86' lang='lat'>111.</span> <span class='ocrx_word' id='word_1_273' title='bbox 834 2124 936 2162; x_wconf 86' lang='lat' dir='ltr'>Sicyo-</span> 
     </span>
     <span class='ocr_line' id='line_1_45' title="bbox 279 2167 936 2206; baseline -0.003 -9"><span class='ocrx_word' id='word_1_274' title='bbox 279 2167 348 2197; x_wconf 67' lang='lat' dir='ltr'>aios</span> <span class='ocrx_word' id='word_1_275' title='bbox 359 2168 470 2206; x_wconf 82' lang='lat' dir='ltr'>proelio</span> <span class='ocrx_word' id='word_1_276' title='bbox 483 2167 621 2203; x_wconf 77' lang='lat' dir='ltr'>vincunt,</span> <span class='ocrx_word' id='word_1_277' title='bbox 633 2168 674 2196; x_wconf 91' lang='lat' dir='ltr'>ib.</span> <span class='ocrx_word' id='word_1_278' title='bbox 690 2170 721 2196; x_wconf 84' lang='lat' dir='ltr'>et</span> <span class='ocrx_word' id='word_1_279' title='bbox 735 2171 804 2196; x_wconf 89' lang='grc'><strong>108.</strong></span> <span class='ocrx_word' id='word_1_280' title='bbox 818 2167 936 2196; x_wconf 81' lang='lat' dir='ltr'>foedera</span> 
     </span>
     <span class='ocr_line' id='line_1_46' title="bbox 278 2210 934 2250; baseline 0.002 -11"><span class='ocrx_word' id='word_1_281' title='bbox 278 2211 525 2250; x_wconf 82' lang='lat' dir='ltr'>quinquennalia</span> <span class='ocrx_word' id='word_1_282' title='bbox 551 2211 659 2246; x_wconf 85' lang='lat' dir='ltr'>ineunt</span> <span class='ocrx_word' id='word_1_283' title='bbox 686 2219 756 2240; x_wconf 89' lang='lat' dir='ltr'>cum</span> <span class='ocrx_word' id='word_1_284' title='bbox 783 2210 886 2249; x_wconf 87' lang='lat' dir='ltr'>Pelop.</span> <span class='ocrx_word' id='word_1_285' title='bbox 914 2211 934 2240; x_wconf 89' lang='lat' dir='ltr'>i.</span> 
     </span>
     <span class='ocr_line' id='line_1_47' title="bbox 283 2253 933 2293; baseline -0.002 -10"><span class='ocrx_word' id='word_1_286' title='bbox 283 2259 354 2284; x_wconf 86' lang='grc'><strong>112.</strong></span> <span class='ocrx_word' id='word_1_287' title='bbox 390 2254 424 2284; x_wconf 91' lang='lat' dir='ltr'>in</span> <span class='ocrx_word' id='word_1_288' title='bbox 452 2255 588 2293; x_wconf 84' lang='lat' dir='ltr'>Cyprum</span> <span class='ocrx_word' id='word_1_289' title='bbox 615 2254 698 2283; x_wconf 78' lang='lat' dir='ltr'>facta</span> <span class='ocrx_word' id='word_1_290' title='bbox 726 2253 933 2292; x_wconf 79' lang='lat' dir='ltr'>expeditione,</span> 
     </span>
     <span class='ocr_line' id='line_1_48' title="bbox 281 2296 934 2336; baseline -0.003 -9"><span class='ocrx_word' id='word_1_291' title='bbox 281 2298 414 2336; x_wconf 81' lang='lat' dir='ltr'>Cyprios</span> <span class='ocrx_word' id='word_1_292' title='bbox 427 2298 565 2336; x_wconf 79' lang='lat' dir='ltr'>aliosque</span> <span class='ocrx_word' id='word_1_293' title='bbox 577 2300 737 2336; x_wconf 83' lang='lat' dir='ltr'>superant,</span> <span class='ocrx_word' id='word_1_294' title='bbox 750 2296 824 2326; x_wconf 85' lang='lat' dir='ltr'>ibid.</span> <span class='ocrx_word' id='word_1_295' title='bbox 848 2297 934 2326; x_wconf 72' lang='lat' dir='ltr'>Clue-</span> 
     </span>
     <span class='ocr_line' id='line_1_49' title="bbox 280 2340 934 2379; baseline -0.002 -10"><span class='ocrx_word' id='word_1_296' title='bbox 280 2350 407 2370; x_wconf 81' lang='lat' dir='ltr'>roneam</span> <span class='ocrx_word' id='word_1_297' title='bbox 429 2344 626 2379; x_wconf 72' lang='lat' dir='ltr'>recuperant,</span> <span class='ocrx_word' id='word_1_298' title='bbox 647 2341 668 2370; x_wconf 86' lang='lat' dir='ltr'>i.</span> <span class='ocrx_word' id='word_1_299' title='bbox 694 2344 764 2369; x_wconf 81' lang='grc'><strong>113.</strong></span> <span class='ocrx_word' id='word_1_300' title='bbox 786 2340 824 2368; x_wconf 85' lang='lat' dir='ltr'>ad</span> <span class='ocrx_word' id='word_1_301' title='bbox 839 2341 934 2370; x_wconf 79' lang='lat' dir='ltr'>Coro-</span> 
     </span>
     <span class='ocr_line' id='line_1_50' title="bbox 282 2383 934 2420; baseline 0.002 -8"><span class='ocrx_word' id='word_1_302' title='bbox 282 2393 372 2412; x_wconf 83' lang='lat' dir='ltr'>neam</span> <span class='ocrx_word' id='word_1_303' title='bbox 400 2384 486 2420; x_wconf 85' lang='lat' dir='ltr'>victi,</span> <span class='ocrx_word' id='word_1_304' title='bbox 516 2385 671 2413; x_wconf 81' lang='lat' dir='ltr'>Boeotiam</span> <span class='ocrx_word' id='word_1_305' title='bbox 702 2383 863 2419; x_wconf 76' lang='lat' dir='ltr'>amittunt,</span> <span class='ocrx_word' id='word_1_306' title='bbox 893 2383 934 2413; x_wconf 92' lang='lat' dir='ltr'>ib.</span> 
     </span>
     <span class='ocr_line' id='line_1_51' title="bbox 281 2426 934 2466; baseline 0 -11"><span class='ocrx_word' id='word_1_307' title='bbox 281 2426 435 2457; x_wconf 84' lang='lat' dir='ltr'>Euboeam</span> <span class='ocrx_word' id='word_1_308' title='bbox 447 2427 609 2466; x_wconf 86' lang='lat' dir='ltr'>subigunt,</span> <span class='ocrx_word' id='word_1_309' title='bbox 622 2427 642 2457; x_wconf 89' lang='lat' dir='ltr'>i.</span> <span class='ocrx_word' id='word_1_310' title='bbox 657 2430 726 2456; x_wconf 86' lang='grc'><strong>114.</strong></span> <span class='ocrx_word' id='word_1_311' title='bbox 743 2435 813 2455; x_wconf 86' lang='lat' dir='ltr'>cum</span> <span class='ocrx_word' id='word_1_312' title='bbox 826 2427 934 2458; x_wconf 86' lang='lat' dir='ltr'>Laced.</span> 
     </span>
     <span class='ocr_line' id='line_1_52' title="bbox 280 2469 935 2509; baseline -0.002 -10"><span class='ocrx_word' id='word_1_313' title='bbox 280 2470 467 2499; x_wconf 67' lang='lat' dir='ltr'>tricennalia</span> <span class='ocrx_word' id='word_1_314' title='bbox 497 2471 615 2500; x_wconf 78' lang='lat' dir='ltr'>foedera</span> <span class='ocrx_word' id='word_1_315' title='bbox 640 2470 832 2509; x_wconf 83' lang='lat' dir='ltr'>percutiunt,</span> <span class='ocrx_word' id='word_1_316' title='bbox 862 2469 935 2501; x_wconf 83' lang='lat' dir='ltr'>ibid.</span> 
     </span>
     <span class='ocr_line' id='line_1_53' title="bbox 282 2512 935 2553; baseline 0 -11"><span class='ocrx_word' id='word_1_317' title='bbox 282 2513 365 2543; x_wconf 80' lang='lat' dir='ltr'>Sami</span> <span class='ocrx_word' id='word_1_318' title='bbox 379 2517 496 2543; x_wconf 79' lang='lat' dir='ltr'>statum</span> <span class='ocrx_word' id='word_1_319' title='bbox 509 2523 581 2553; x_wconf 87' lang='lat' dir='ltr'>pop.</span> <span class='ocrx_word' id='word_1_320' title='bbox 594 2513 800 2548; x_wconf 85' lang='lat' dir='ltr'>constituunt,</span> <span class='ocrx_word' id='word_1_321' title='bbox 814 2512 854 2541; x_wconf 91' lang='lat' dir='ltr'>ib.</span> <span class='ocrx_word' id='word_1_322' title='bbox 873 2513 935 2543; x_wconf 74' lang='lat' dir='ltr'>bel-</span> 
     </span>
     <span class='ocr_line' id='line_1_54' title="bbox 280 2556 935 2595; baseline 0.002 -10"><span class='ocrx_word' id='word_1_323' title='bbox 280 2557 346 2585; x_wconf 89' lang='lat' dir='ltr'>lum</span> <span class='ocrx_word' id='word_1_324' title='bbox 361 2561 474 2594; x_wconf 67' lang='lat' dir='ltr'>gerunt</span> <span class='ocrx_word' id='word_1_325' title='bbox 484 2566 552 2586; x_wconf 86' lang='lat' dir='ltr'>cum</span> <span class='ocrx_word' id='word_1_326' title='bbox 569 2556 690 2592; x_wconf 87' lang='lat' dir='ltr'>Samiis,</span> <span class='ocrx_word' id='word_1_327' title='bbox 705 2556 724 2585; x_wconf 88' lang='lat' dir='ltr'>i.</span> <span class='ocrx_word' id='word_1_328' title='bbox 741 2558 809 2585; x_wconf 86' lang='lat'>116.</span> <span class='ocrx_word' id='word_1_329' title='bbox 824 2565 935 2595; x_wconf 83' lang='lat' dir='ltr'>cosque</span> 
     </span>
     <span class='ocr_line' id='line_1_55' title="bbox 282 2598 935 2638; baseline 0 -10"><span class='ocrx_word' id='word_1_330' title='bbox 282 2600 443 2638; x_wconf 77' lang='lat' dir='ltr'>subigunt,</span> <span class='ocrx_word' id='word_1_331' title='bbox 467 2600 507 2629; x_wconf 86' lang='lat' dir='ltr'>ib.</span> <span class='ocrx_word' id='word_1_332' title='bbox 526 2599 699 2629; x_wconf 80' lang='lat' dir='ltr'>deliberant</span> <span class='ocrx_word' id='word_1_333' title='bbox 720 2600 757 2628; x_wconf 89' lang='lat' dir='ltr'>de</span> <span class='ocrx_word' id='word_1_334' title='bbox 780 2598 860 2628; x_wconf 83' lang='lat' dir='ltr'>bello</span> <span class='ocrx_word' id='word_1_335' title='bbox 880 2601 935 2629; x_wconf 83' lang='lat' dir='ltr'>Pe-</span> 
     </span>
     <span class='ocr_line' id='line_1_56' title="bbox 283 2642 934 2682; baseline 0 -10"><span class='ocrx_word' id='word_1_336' title='bbox 283 2643 343 2681; x_wconf 81' lang='lat' dir='ltr'>lop.</span> <span class='ocrx_word' id='word_1_337' title='bbox 368 2643 387 2672; x_wconf 88' lang='lat' dir='ltr'>i.</span> <span class='ocrx_word' id='word_1_338' title='bbox 417 2647 484 2673; x_wconf 85' lang='grc'><strong>140.</strong></span> <span class='ocrx_word' id='word_1_339' title='bbox 510 2643 650 2682; x_wconf 84' lang='lat' dir='ltr'>tyrannis</span> <span class='ocrx_word' id='word_1_340' title='bbox 672 2646 796 2681; x_wconf 82' lang='lat' dir='ltr'>parent,</span> <span class='ocrx_word' id='word_1_341' title='bbox 818 2642 858 2672; x_wconf 78' lang='lat' dir='ltr'>vi.</span> <span class='ocrx_word' id='word_1_342' title='bbox 883 2647 934 2672; x_wconf 84' lang='lat'>53.</span> 
     </span>
     <span class='ocr_line' id='line_1_57' title="bbox 281 2686 933 2722; baseline 0 -8"><span class='ocrx_word' id='word_1_343' title='bbox 281 2695 387 2715; x_wconf 79' lang='lat' dir='ltr'>corum</span> <span class='ocrx_word' id='word_1_344' title='bbox 403 2687 475 2715; x_wconf 85' lang='lat' dir='ltr'>socii</span> <span class='ocrx_word' id='word_1_345' title='bbox 492 2687 524 2716; x_wconf 90' lang='lat' dir='ltr'>in</span> <span class='ocrx_word' id='word_1_346' title='bbox 545 2686 636 2722; x_wconf 88' lang='lat' dir='ltr'>bello,</span> <span class='ocrx_word' id='word_1_347' title='bbox 651 2686 684 2716; x_wconf 89' lang='lat' dir='ltr'>ii.</span> <span class='ocrx_word' id='word_1_348' title='bbox 698 2690 729 2717; x_wconf 89' lang='lat'>9.</span> <span class='ocrx_word' id='word_1_349' title='bbox 751 2695 789 2714; x_wconf 87' lang='lat' dir='ltr'>cx</span> <span class='ocrx_word' id='word_1_350' title='bbox 805 2686 886 2722; x_wconf 73' lang='lat' dir='ltr'>agris</span> <span class='ocrx_word' id='word_1_351' title='bbox 903 2686 933 2715; x_wconf 88' lang='lat' dir='ltr'>in</span> 
     </span>
     <span class='ocr_line' id='line_1_58' title="bbox 282 2729 934 2768; baseline 0 -10"><span class='ocrx_word' id='word_1_352' title='bbox 282 2729 392 2758; x_wconf 79' lang='lat' dir='ltr'>urbem</span> <span class='ocrx_word' id='word_1_353' title='bbox 418 2730 633 2768; x_wconf 74' lang='lat' dir='ltr'>commigrant,</span> <span class='ocrx_word' id='word_1_354' title='bbox 661 2729 693 2758; x_wconf 90' lang='lat' dir='ltr'>ii.</span> <span class='ocrx_word' id='word_1_355' title='bbox 725 2733 771 2758; x_wconf 74' lang='grc'>14.</span> <span class='ocrx_word' id='word_1_356' title='bbox 799 2729 934 2767; x_wconf 73' lang='lat' dir='ltr'>pagatim</span> 
     </span>
     <span class='ocr_line' id='line_1_59' title="bbox 283 2771 935 2811; baseline 0 -10"><span class='ocrx_word' id='word_1_357' title='bbox 283 2771 459 2802; x_wconf 72' lang='lat' dir='ltr'>habitantes</span> <span class='ocrx_word' id='word_1_358' title='bbox 471 2783 489 2802; x_wconf 80' lang='lat' dir='ltr'>a</span> <span class='ocrx_word' id='word_1_359' title='bbox 500 2773 620 2804; x_wconf 78' lang='lat' dir='ltr'>Theseo</span> <span class='ocrx_word' id='word_1_360' title='bbox 634 2773 766 2811; x_wconf 68' lang='lat' dir='ltr'>primum</span> <span class='ocrx_word' id='word_1_361' title='bbox 782 2772 812 2800; x_wconf 88' lang='lat' dir='ltr'>in</span> <span class='ocrx_word' id='word_1_362' title='bbox 829 2772 935 2801; x_wconf 75' lang='lat' dir='ltr'>urbem</span> 
     </span>
     <span class='ocr_line' id='line_1_60' title="bbox 283 2815 935 2854; baseline -0.002 -10"><span class='ocrx_word' id='word_1_363' title='bbox 283 2816 393 2851; x_wconf 77' lang='lat' dir='ltr'>coacti,</span> <span class='ocrx_word' id='word_1_364' title='bbox 417 2815 448 2844; x_wconf 92' lang='lat' dir='ltr'>ii.</span> <span class='ocrx_word' id='word_1_365' title='bbox 468 2820 516 2852; x_wconf 75' lang='lat'>15,</span> <span class='ocrx_word' id='word_1_366' title='bbox 536 2826 580 2854; x_wconf 78' lang='lat' dir='ltr'>sq.</span> <span class='ocrx_word' id='word_1_367' title='bbox 604 2825 714 2854; x_wconf 76' lang='lat' dir='ltr'>pugnae</span> <span class='ocrx_word' id='word_1_368' title='bbox 736 2815 816 2845; x_wconf 77' lang='lat' dir='ltr'>avidi</span> <span class='ocrx_word' id='word_1_369' title='bbox 840 2825 859 2844; x_wconf 78' lang='lat' dir='ltr'>a</span> <span class='ocrx_word' id='word_1_370' title='bbox 880 2816 935 2844; x_wconf 62' lang='grc' dir='ltr'>Ρο-</span> 
     </span>
     <span class='ocr_line' id='line_1_61' title="bbox 282 2858 933 2897; baseline 0.002 -10"><span class='ocrx_word' id='word_1_371' title='bbox 282 2858 357 2888; x_wconf 82' lang='lat' dir='ltr'>ricle</span> <span class='ocrx_word' id='word_1_372' title='bbox 379 2859 603 2896; x_wconf 83' lang='lat' dir='ltr'>reprimuntur,</span> <span class='ocrx_word' id='word_1_373' title='bbox 618 2859 720 2894; x_wconf 81' lang='grc' dir='ltr'><strong>ἱί.-21,</strong></span> <span class='ocrx_word' id='word_1_374' title='bbox 741 2868 785 2897; x_wconf 83' lang='lat' dir='ltr'>sq.</span> <span class='ocrx_word' id='word_1_375' title='bbox 808 2858 933 2888; x_wconf 76' lang='lat' dir='ltr'>classem</span> 
     </span>
     <span class='ocr_line' id='line_1_62' title="bbox 284 2902 934 2940; baseline -0.003 -9"><span class='ocrx_word' id='word_1_376' title='bbox 284 2902 366 2931; x_wconf 71' lang='lat' dir='ltr'>circa</span> <span class='ocrx_word' id='word_1_377' title='bbox 386 2902 488 2940; x_wconf 81' lang='lat' dir='ltr'>Pelop.</span> <span class='ocrx_word' id='word_1_378' title='bbox 511 2902 653 2936; x_wconf 78' lang='lat' dir='ltr'>mittunt,</span> <span class='ocrx_word' id='word_1_379' title='bbox 669 2902 700 2932; x_wconf 90' lang='lat' dir='ltr'>ii.</span> <span class='ocrx_word' id='word_1_380' title='bbox 717 2906 767 2931; x_wconf 82' lang='grc'>23.</span> <span class='ocrx_word' id='word_1_381' title='bbox 812 2902 934 2930; x_wconf 81' lang='lat' dir='ltr'>Metho-</span> 
     </span>
     <span class='ocr_line' id='line_1_63' title="bbox 278 2945 934 2985; baseline 0 -9"><span class='ocrx_word' id='word_1_382' title='bbox 278 2954 358 2976; x_wconf 59' lang='grc' dir='ltr'>ιιιίιιι</span> <span class='ocrx_word' id='word_1_383' title='bbox 371 2948 563 2985; x_wconf 75' lang='lat' dir='ltr'>oppugnant,</span> <span class='ocrx_word' id='word_1_384' title='bbox 579 2945 611 2976; x_wconf 87' lang='lat' dir='ltr'>ii.</span> <span class='ocrx_word' id='word_1_385' title='bbox 627 2949 677 2976; x_wconf 81' lang='grc'>25.</span> <span class='ocrx_word' id='word_1_386' title='bbox 715 2945 873 2976; x_wconf 78' lang='lat' dir='ltr'>Locridem</span> <span class='ocrx_word' id='word_1_387' title='bbox 887 2945 934 2976; x_wconf 88' lang='lat' dir='ltr'>in-</span> 
     </span>
    </p>
   </div>
   <div class='ocr_carea' id='block_1_5' title="bbox 1015 300 1672 948">
    <p class='ocr_par' dir='ltr' id='par_1_5' title="bbox 1015 300 1672 948">
     <span class='ocr_line' id='line_1_64' title="bbox 1018 300 1670 339; baseline 0 -8"><span class='ocrx_word' id='word_1_388' title='bbox 1018 302 1148 338; x_wconf 84' lang='lat' dir='ltr'>vadunt,</span> <span class='ocrx_word' id='word_1_389' title='bbox 1173 300 1206 330; x_wconf 90' lang='lat' dir='ltr'>ii.</span> <span class='ocrx_word' id='word_1_390' title='bbox 1229 303 1281 330; x_wconf 80' lang='lat'>26.</span> <span class='ocrx_word' id='word_1_391' title='bbox 1323 300 1484 339; x_wconf 73' lang='lat' dir='ltr'>AEginetas</span> <span class='ocrx_word' id='word_1_392' title='bbox 1507 310 1546 331; x_wconf 83' lang='lat' dir='ltr'>ex</span> <span class='ocrx_word' id='word_1_393' title='bbox 1566 301 1670 331; x_wconf 73' lang='lat' dir='ltr'>insula</span> 
     </span>
     <span class='ocr_line' id='line_1_65' title="bbox 1019 344 1668 383; baseline 0.003 -10"><span class='ocrx_word' id='word_1_394' title='bbox 1019 344 1151 383; x_wconf 86' lang='lat' dir='ltr'>pellunt,</span> <span class='ocrx_word' id='word_1_395' title='bbox 1162 344 1195 374; x_wconf 90' lang='lat' dir='ltr'>ii.</span> <span class='ocrx_word' id='word_1_396' title='bbox 1210 348 1261 376; x_wconf 92' lang='grc'>27.</span> <span class='ocrx_word' id='word_1_397' title='bbox 1283 353 1353 375; x_wconf 84' lang='lat' dir='ltr'>cum</span> <span class='ocrx_word' id='word_1_398' title='bbox 1364 345 1476 374; x_wconf 74' lang='lat' dir='ltr'>Sitalce</span> <span class='ocrx_word' id='word_1_399' title='bbox 1490 346 1668 375; x_wconf 57' lang='lat' dir='ltr'>societatem</span> 
     </span>
     <span class='ocr_line' id='line_1_66' title="bbox 1019 387 1671 427; baseline 0.002 -10"><span class='ocrx_word' id='word_1_400' title='bbox 1019 389 1141 424; x_wconf 81' lang='lat' dir='ltr'>ineunt,</span> <span class='ocrx_word' id='word_1_401' title='bbox 1169 388 1202 419; x_wconf 88' lang='lat' dir='ltr'>ii.</span> <span class='ocrx_word' id='word_1_402' title='bbox 1229 391 1280 419; x_wconf 85' lang='grc'>29.</span> <span class='ocrx_word' id='word_1_403' title='bbox 1337 387 1453 418; x_wconf 89' lang='lat' dir='ltr'>Solium</span> <span class='ocrx_word' id='word_1_404' title='bbox 1479 389 1610 427; x_wconf 79' lang='lat' dir='ltr'>capiunt</span> <span class='ocrx_word' id='word_1_405' title='bbox 1637 391 1671 418; x_wconf 80' lang='lat' dir='ltr'>et</span> 
     </span>
     <span class='ocr_line' id='line_1_67' title="bbox 1016 431 1671 471; baseline -0.002 -10"><span class='ocrx_word' id='word_1_406' title='bbox 1016 432 1179 467; x_wconf 87' lang='lat' dir='ltr'>Astacum,</span> <span class='ocrx_word' id='word_1_407' title='bbox 1189 432 1244 461; x_wconf 67' lang='lat' dir='ltr'>Soc.</span> <span class='ocrx_word' id='word_1_408' title='bbox 1256 431 1288 460; x_wconf 84' lang='lat' dir='ltr'>ii.</span> <span class='ocrx_word' id='word_1_409' title='bbox 1298 435 1351 461; x_wconf 83' lang='lat'>30.</span> <span class='ocrx_word' id='word_1_410' title='bbox 1383 431 1572 471; x_wconf 73' lang='lat' dir='ltr'>Megaridem</span> <span class='ocrx_word' id='word_1_411' title='bbox 1583 432 1671 461; x_wconf 72' lang='lat' dir='ltr'>inva-</span> 
     </span>
     <span class='ocr_line' id='line_1_68' title="bbox 1016 474 1670 511; baseline 0 -7"><span class='ocrx_word' id='word_1_412' title='bbox 1016 475 1108 511; x_wconf 79' lang='lat' dir='ltr'>dunt,</span> <span class='ocrx_word' id='word_1_413' title='bbox 1124 475 1156 504; x_wconf 88' lang='lat' dir='ltr'>ii.</span> <span class='ocrx_word' id='word_1_414' title='bbox 1171 478 1223 505; x_wconf 83' lang='lat'>31.</span> <span class='ocrx_word' id='word_1_415' title='bbox 1246 474 1429 504; x_wconf 76' lang='lat' dir='ltr'>Atalantam</span> <span class='ocrx_word' id='word_1_416' title='bbox 1442 475 1670 511; x_wconf 79' lang='lat' dir='ltr'>communiunt,</span> 
     </span>
     <span class='ocr_line' id='line_1_69' title="bbox 1018 517 1669 557; baseline 0 -10"><span class='ocrx_word' id='word_1_417' title='bbox 1018 518 1051 547; x_wconf 91' lang='lat' dir='ltr'>ii.</span> <span class='ocrx_word' id='word_1_418' title='bbox 1072 523 1124 548; x_wconf 85' lang='grc'>32.</span> <span class='ocrx_word' id='word_1_419' title='bbox 1147 518 1308 557; x_wconf 86' lang='lat' dir='ltr'>exsequias</span> <span class='ocrx_word' id='word_1_420' title='bbox 1329 518 1449 547; x_wconf 81' lang='lat' dir='ltr'>faciunt</span> <span class='ocrx_word' id='word_1_421' title='bbox 1470 517 1550 547; x_wconf 87' lang='lat' dir='ltr'>bello</span> <span class='ocrx_word' id='word_1_422' title='bbox 1571 518 1669 555; x_wconf 81' lang='lat' dir='ltr'>caesis,</span> 
     </span>
     <span class='ocr_line' id='line_1_70' title="bbox 1017 562 1670 600; baseline -0.002 -8"><span class='ocrx_word' id='word_1_423' title='bbox 1017 562 1050 592; x_wconf 89' lang='lat' dir='ltr'>ii.</span> <span class='ocrx_word' id='word_1_424' title='bbox 1073 567 1128 598; x_wconf 83' lang='lat'>33,</span> <span class='ocrx_word' id='word_1_425' title='bbox 1145 571 1190 600; x_wconf 88' lang='lat' dir='ltr'>sq.</span> <span class='ocrx_word' id='word_1_426' title='bbox 1211 562 1298 600; x_wconf 79' lang='lat' dir='ltr'>gravi</span> <span class='ocrx_word' id='word_1_427' title='bbox 1320 565 1406 600; x_wconf 86' lang='lat' dir='ltr'>peste</span> <span class='ocrx_word' id='word_1_428' title='bbox 1428 562 1620 600; x_wconf 82' lang='lat' dir='ltr'>affliguntur,</span> <span class='ocrx_word' id='word_1_429' title='bbox 1635 562 1670 591; x_wconf 88' lang='lat' dir='ltr'>ii.</span> 
     </span>
     <span class='ocr_line' id='line_1_71' title="bbox 1017 604 1669 644; baseline 0 -10"><span class='ocrx_word' id='word_1_430' title='bbox 1017 609 1072 641; x_wconf 83' lang='lat'>47,</span> <span class='ocrx_word' id='word_1_431' title='bbox 1097 615 1143 644; x_wconf 82' lang='lat' dir='ltr'>sq.</span> <span class='ocrx_word' id='word_1_432' title='bbox 1177 605 1305 634; x_wconf 78' lang='lat' dir='ltr'>classem</span> <span class='ocrx_word' id='word_1_433' title='bbox 1332 605 1366 634; x_wconf 89' lang='lat' dir='ltr'>in</span> <span class='ocrx_word' id='word_1_434' title='bbox 1391 604 1494 643; x_wconf 82' lang='lat' dir='ltr'>Pelop.</span> <span class='ocrx_word' id='word_1_435' title='bbox 1524 606 1669 642; x_wconf 82' lang='lat' dir='ltr'>mittunt,</span> 
     </span>
     <span class='ocr_line' id='line_1_72' title="bbox 1017 648 1668 688; baseline -0.002 -10"><span class='ocrx_word' id='word_1_436' title='bbox 1017 649 1050 678; x_wconf 91' lang='lat' dir='ltr'>ii.</span> <span class='ocrx_word' id='word_1_437' title='bbox 1066 651 1116 678; x_wconf 86' lang='grc'>56.</span> <span class='ocrx_word' id='word_1_438' title='bbox 1159 648 1326 678; x_wconf 78' lang='lat' dir='ltr'>Potidaeam</span> <span class='ocrx_word' id='word_1_439' title='bbox 1345 648 1463 678; x_wconf 82' lang='lat' dir='ltr'>frustra</span> <span class='ocrx_word' id='word_1_440' title='bbox 1474 651 1668 688; x_wconf 82' lang='lat' dir='ltr'>oppugnant,</span> 
     </span>
     <span class='ocr_line' id='line_1_73' title="bbox 1017 691 1670 730; baseline -0.002 -9"><span class='ocrx_word' id='word_1_441' title='bbox 1017 692 1050 722; x_wconf 88' lang='lat' dir='ltr'>ii.</span> <span class='ocrx_word' id='word_1_442' title='bbox 1066 696 1117 721; x_wconf 83' lang='lat'>58.</span> <span class='ocrx_word' id='word_1_443' title='bbox 1139 692 1248 721; x_wconf 87' lang='lat' dir='ltr'>Pericli</span> <span class='ocrx_word' id='word_1_444' title='bbox 1262 697 1456 728; x_wconf 79' lang='lat' dir='ltr'>succensent,</span> <span class='ocrx_word' id='word_1_445' title='bbox 1470 691 1503 721; x_wconf 89' lang='lat' dir='ltr'>ii.</span> <span class='ocrx_word' id='word_1_446' title='bbox 1519 695 1570 723; x_wconf 87' lang='grc'>59.</span> <span class='ocrx_word' id='word_1_447' title='bbox 1585 694 1670 730; x_wconf 68' lang='lat' dir='ltr'>post.-</span> 
     </span>
     <span class='ocr_line' id='line_1_74' title="bbox 1017 735 1669 774; baseline 0 -10"><span class='ocrx_word' id='word_1_448' title='bbox 1017 745 1056 764; x_wconf 87' lang='lat' dir='ltr'>ea</span> <span class='ocrx_word' id='word_1_449' title='bbox 1080 735 1276 774; x_wconf 86' lang='lat' dir='ltr'>mitigantur,</span> <span class='ocrx_word' id='word_1_450' title='bbox 1304 735 1336 764; x_wconf 83' lang='lat' dir='ltr'>ii.</span> <span class='ocrx_word' id='word_1_451' title='bbox 1364 737 1416 764; x_wconf 86' lang='grc'>65.</span> <span class='ocrx_word' id='word_1_452' title='bbox 1441 741 1520 774; x_wconf 73' lang='lat' dir='ltr'>post-</span> <span class='ocrx_word' id='word_1_453' title='bbox 1537 738 1669 764; x_wconf 74' lang='lat' dir='ltr'>mortem</span> 
     </span>
     <span class='ocr_line' id='line_1_75' title="bbox 1017 777 1670 817; baseline -0.002 -9"><span class='ocrx_word' id='word_1_454' title='bbox 1017 779 1142 808; x_wconf 88' lang='lat' dir='ltr'>Periclis</span> <span class='ocrx_word' id='word_1_455' title='bbox 1154 778 1318 808; x_wconf 85' lang='lat' dir='ltr'>ambitioni</span> <span class='ocrx_word' id='word_1_456' title='bbox 1327 781 1361 808; x_wconf 88' lang='lat' dir='ltr'>et</span> <span class='ocrx_word' id='word_1_457' title='bbox 1369 778 1501 817; x_wconf 75' lang='lat' dir='ltr'>quaestui</span> <span class='ocrx_word' id='word_1_458' title='bbox 1511 778 1618 814; x_wconf 84' lang='lat' dir='ltr'>dediti,</span> <span class='ocrx_word' id='word_1_459' title='bbox 1625 777 1670 807; x_wconf 88' lang='lat' dir='ltr'>ib.</span> 
     </span>
     <span class='ocr_line' id='line_1_76' title="bbox 1017 821 1669 862; baseline -0.002 -11"><span class='ocrx_word' id='word_1_460' title='bbox 1017 822 1220 862; x_wconf 79' lang='lat' dir='ltr'>intercipiunt</span> <span class='ocrx_word' id='word_1_461' title='bbox 1239 822 1342 860; x_wconf 83' lang='lat' dir='ltr'>Pelop.</span> <span class='ocrx_word' id='word_1_462' title='bbox 1364 822 1404 851; x_wconf 82' lang='lat' dir='ltr'>ad</span> <span class='ocrx_word' id='word_1_463' title='bbox 1419 821 1669 860; x_wconf 57' lang='lat' dir='ltr'>Pei-salegastus,</span> 
     </span>
     <span class='ocr_line' id='line_1_77' title="bbox 1016 865 1670 904; baseline -0.002 -9"><span class='ocrx_word' id='word_1_464' title='bbox 1016 866 1049 895; x_wconf 88' lang='lat' dir='ltr'>ii.</span> <span class='ocrx_word' id='word_1_465' title='bbox 1065 868 1117 897; x_wconf 89' lang='grc'>67.</span> <span class='ocrx_word' id='word_1_466' title='bbox 1160 866 1325 896; x_wconf 82' lang='lat' dir='ltr'>Potidaeam</span> <span class='ocrx_word' id='word_1_467' title='bbox 1338 865 1478 904; x_wconf 79' lang='lat' dir='ltr'>capiunt,</span> <span class='ocrx_word' id='word_1_468' title='bbox 1493 865 1526 895; x_wconf 87' lang='lat' dir='ltr'>ii.</span> <span class='ocrx_word' id='word_1_469' title='bbox 1539 869 1592 899; x_wconf 89' lang='lat'>70.</span> <span class='ocrx_word' id='word_1_470' title='bbox 1613 873 1670 894; x_wconf 84' lang='lat' dir='ltr'>na-</span> 
     </span>
     <span class='ocr_line' id='line_1_78' title="bbox 1015 908 1672 948; baseline 0 -10"><span class='ocrx_word' id='word_1_471' title='bbox 1015 919 1068 938; x_wconf 81' lang='lat' dir='ltr'>ves</span> <span class='ocrx_word' id='word_1_472' title='bbox 1081 910 1120 938; x_wconf 88' lang='lat' dir='ltr'>ad</span> <span class='ocrx_word' id='word_1_473' title='bbox 1140 909 1340 948; x_wconf 82' lang='lat' dir='ltr'>Naupactum</span> <span class='ocrx_word' id='word_1_474' title='bbox 1352 911 1385 938; x_wconf 84' lang='lat' dir='ltr'>et</span> <span class='ocrx_word' id='word_1_475' title='bbox 1406 909 1439 938; x_wconf 88' lang='lat' dir='ltr'>in</span> <span class='ocrx_word' id='word_1_476' title='bbox 1453 909 1578 938; x_wconf 76' lang='lat' dir='ltr'>Cariam</span> <span class='ocrx_word' id='word_1_477' title='bbox 1598 908 1672 938; x_wconf 82' lang='lat' dir='ltr'>mit-</span> 
     </span>
    </p>
   </div>
   <div class='ocr_carea' id='block_1_6' title="bbox 988 952 1669 991">
    <p class='ocr_par' dir='ltr' id='par_1_6' title="bbox 988 952 1669 991">
     <span class='ocr_line' id='line_1_79' title="bbox 988 952 1669 991; baseline -0.001 -9"><span class='ocrx_word' id='word_1_478' title='bbox 988 974 991 975; x_wconf 22' lang='lat'>.</span> <span class='ocrx_word' id='word_1_479' title='bbox 1015 956 1101 989; x_wconf 81' lang='lat' dir='ltr'>tunt,</span> <span class='ocrx_word' id='word_1_480' title='bbox 1115 953 1216 989; x_wconf 65' lang='lat' dir='ltr'>ii.‘69,</span> <span class='ocrx_word' id='word_1_481' title='bbox 1230 962 1275 991; x_wconf 90' lang='lat' dir='ltr'>sq.</span> <span class='ocrx_word' id='word_1_482' title='bbox 1297 962 1405 982; x_wconf 88' lang='lat' dir='ltr'>eorum</span> <span class='ocrx_word' id='word_1_483' title='bbox 1425 953 1465 982; x_wconf 76' lang='lat' dir='ltr'>ad</span> <span class='ocrx_word' id='word_1_484' title='bbox 1486 952 1669 982; x_wconf 75' lang='lat' dir='ltr'>Plataeenses</span> 
     </span>
    </p>
   </div>
   <div class='ocr_carea' id='block_1_7' title="bbox 1016 995 1670 1165">
    <p class='ocr_par' dir='ltr' id='par_1_7' title="bbox 1016 995 1670 1165">
     <span class='ocr_line' id='line_1_80' title="bbox 1016 995 1670 1034; baseline -0.005 -8"><span class='ocrx_word' id='word_1_485' title='bbox 1016 1005 1210 1034; x_wconf 86' lang='lat' dir='ltr'>responsum,</span> <span class='ocrx_word' id='word_1_486' title='bbox 1235 996 1269 1025; x_wconf 87' lang='lat' dir='ltr'>ii.</span> <span class='ocrx_word' id='word_1_487' title='bbox 1297 1001 1348 1028; x_wconf 82' lang='grc'>73.</span> <span class='ocrx_word' id='word_1_488' title='bbox 1384 995 1500 1025; x_wconf 85' lang='lat' dir='ltr'>bellum</span> <span class='ocrx_word' id='word_1_489' title='bbox 1529 995 1670 1028; x_wconf 81' lang='lat' dir='ltr'>inferunt</span> 
     </span>
     <span class='ocr_line' id='line_1_81' title="bbox 1017 1038 1670 1075; baseline -0.002 -7"><span class='ocrx_word' id='word_1_490' title='bbox 1017 1039 1283 1075; x_wconf 85' lang='lat' dir='ltr'>Chalcidensibus,</span> <span class='ocrx_word' id='word_1_491' title='bbox 1317 1040 1373 1069; x_wconf 64' lang='grc' dir='ltr'><strong>δυο.</strong></span> <span class='ocrx_word' id='word_1_492' title='bbox 1416 1039 1451 1069; x_wconf 82' lang='lat' dir='ltr'>ii.</span> <span class='ocrx_word' id='word_1_493' title='bbox 1488 1043 1540 1071; x_wconf 90' lang='grc'>79.</span> <span class='ocrx_word' id='word_1_494' title='bbox 1583 1038 1670 1068; x_wconf 80' lang='lat' dir='ltr'>vario</span> 
     </span>
     <span class='ocr_line' id='line_1_82' title="bbox 1017 1082 1669 1122; baseline -0.003 -9"><span class='ocrx_word' id='word_1_495' title='bbox 1017 1083 1132 1120; x_wconf 82' lang='lat' dir='ltr'>Marte,</span> <span class='ocrx_word' id='word_1_496' title='bbox 1146 1083 1188 1113; x_wconf 92' lang='lat' dir='ltr'>ib.</span> <span class='ocrx_word' id='word_1_497' title='bbox 1210 1087 1352 1122; x_wconf 80' lang='lat' dir='ltr'>pugnant</span> <span class='ocrx_word' id='word_1_498' title='bbox 1363 1091 1434 1112; x_wconf 85' lang='lat' dir='ltr'>cum</span> <span class='ocrx_word' id='word_1_499' title='bbox 1451 1082 1554 1121; x_wconf 82' lang='lat' dir='ltr'>Pelop.</span> <span class='ocrx_word' id='word_1_500' title='bbox 1569 1082 1602 1111; x_wconf 88' lang='lat' dir='ltr'>ii.</span> <span class='ocrx_word' id='word_1_501' title='bbox 1617 1086 1669 1112; x_wconf 83' lang='lat'>83.</span> 
     </span>
     <span class='ocr_line' id='line_1_83' title="bbox 1017 1125 1669 1165; baseline -0.002 -9"><span class='ocrx_word' id='word_1_502' title='bbox 1017 1126 1131 1156; x_wconf 82' lang='lat' dir='ltr'>iterum</span> <span class='ocrx_word' id='word_1_503' title='bbox 1146 1136 1178 1156; x_wconf 91' lang='lat' dir='ltr'>se</span> <span class='ocrx_word' id='word_1_504' title='bbox 1191 1130 1304 1165; x_wconf 85' lang='lat' dir='ltr'>parant</span> <span class='ocrx_word' id='word_1_505' title='bbox 1318 1125 1492 1162; x_wconf 76' lang='lat' dir='ltr'>certamini,</span> <span class='ocrx_word' id='word_1_506' title='bbox 1507 1126 1540 1155; x_wconf 90' lang='lat' dir='ltr'>ii.</span> <span class='ocrx_word' id='word_1_507' title='bbox 1556 1129 1608 1162; x_wconf 84' lang='lat'>85,</span> <span class='ocrx_word' id='word_1_508' title='bbox 1622 1134 1669 1163; x_wconf 82' lang='lat' dir='ltr'>sq.</span> 
     </span>
    </p>
   </div>
   <div class='ocr_carea' id='block_1_8' title="bbox 989 1169 1671 1252">
    <p class='ocr_par' dir='ltr' id='par_1_8' title="bbox 989 1169 1671 1252">
     <span class='ocr_line' id='line_1_84' title="bbox 991 1169 1670 1209; baseline 0 -12"><span class='ocrx_word' id='word_1_509' title='bbox 991 1191 994 1196; x_wconf 96' lang='lat'>.</span> <span class='ocrx_word' id='word_1_510' title='bbox 1016 1179 1153 1209; x_wconf 85' lang='lat' dir='ltr'>pugnam</span> <span class='ocrx_word' id='word_1_511' title='bbox 1180 1170 1390 1206; x_wconf 80' lang='lat' dir='ltr'>committunt,</span> <span class='ocrx_word' id='word_1_512' title='bbox 1419 1169 1450 1200; x_wconf 82' lang='lat' dir='ltr'>ii.</span> <span class='ocrx_word' id='word_1_513' title='bbox 1479 1173 1532 1200; x_wconf 89' lang='grc'>90.</span> <span class='ocrx_word' id='word_1_514' title='bbox 1576 1169 1670 1198; x_wconf 80' lang='lat' dir='ltr'>Asta-</span> 
     </span>
     <span class='ocr_line' id='line_1_85' title="bbox 989 1212 1671 1252; baseline -0.001 -10"><span class='ocrx_word' id='word_1_515' title='bbox 989 1234 990 1237; x_wconf 27' lang='lat'><em>*</em></span> <span class='ocrx_word' id='word_1_516' title='bbox 1016 1223 1087 1242; x_wconf 91' lang='lat' dir='ltr'>cum</span> <span class='ocrx_word' id='word_1_517' title='bbox 1109 1214 1258 1252; x_wconf 84' lang='lat' dir='ltr'>navigant</span> <span class='ocrx_word' id='word_1_518' title='bbox 1285 1215 1317 1242; x_wconf 89' lang='lat' dir='ltr'>et</span> <span class='ocrx_word' id='word_1_519' title='bbox 1338 1213 1371 1242; x_wconf 89' lang='lat' dir='ltr'>in</span> <span class='ocrx_word' id='word_1_520' title='bbox 1393 1213 1602 1246; x_wconf 80' lang='lat' dir='ltr'>Acarnaniam</span> <span class='ocrx_word' id='word_1_521' title='bbox 1623 1212 1671 1245; x_wconf 85' lang='lat' dir='ltr'>di-</span> 
     </span>
    </p>
   </div>
   <div class='ocr_carea' id='block_1_9' title="bbox 1016 1257 1674 2032">
    <p class='ocr_par' dir='ltr' id='par_1_9' title="bbox 1016 1257 1674 2032">
     <span class='ocr_line' id='line_1_86' title="bbox 1016 1257 1671 1295; baseline -0.003 -9"><span class='ocrx_word' id='word_1_522' title='bbox 1016 1257 1213 1295; x_wconf 86' lang='lat' dir='ltr'>grediuntur,</span> <span class='ocrx_word' id='word_1_523' title='bbox 1228 1257 1260 1285; x_wconf 90' lang='lat' dir='ltr'>ii.</span> <span class='ocrx_word' id='word_1_524' title='bbox 1277 1260 1347 1285; x_wconf 85' lang='grc'><strong>102.</strong></span> <span class='ocrx_word' id='word_1_525' title='bbox 1369 1265 1476 1286; x_wconf 82' lang='lat' dir='ltr'>eorum</span> <span class='ocrx_word' id='word_1_526' title='bbox 1490 1265 1570 1294; x_wconf 85' lang='lat' dir='ltr'>resp.</span> <span class='ocrx_word' id='word_1_527' title='bbox 1594 1264 1671 1294; x_wconf 82' lang='lat' dir='ltr'>qua-</span> 
     </span>
     <span class='ocr_line' id='line_1_87' title="bbox 1017 1299 1671 1338; baseline -0.005 -8"><span class='ocrx_word' id='word_1_528' title='bbox 1017 1300 1067 1337; x_wconf 83' lang='lat' dir='ltr'>lis,</span> <span class='ocrx_word' id='word_1_529' title='bbox 1079 1301 1111 1330; x_wconf 92' lang='lat' dir='ltr'>ii.</span> <span class='ocrx_word' id='word_1_530' title='bbox 1125 1303 1176 1330; x_wconf 88' lang='lat'>36.</span> <span class='ocrx_word' id='word_1_531' title='bbox 1200 1300 1266 1336; x_wconf 86' lang='lat' dir='ltr'>ejus</span> <span class='ocrx_word' id='word_1_532' title='bbox 1279 1299 1432 1337; x_wconf 83' lang='lat' dir='ltr'>optimum</span> <span class='ocrx_word' id='word_1_533' title='bbox 1444 1302 1671 1338; x_wconf 80' lang='lat' dir='ltr'>temperamen-</span> 
     </span>
     <span class='ocr_line' id='line_1_88' title="bbox 1016 1341 1670 1380; baseline -0.003 -7"><span class='ocrx_word' id='word_1_534' title='bbox 1016 1347 1097 1380; x_wconf 88' lang='lat' dir='ltr'>tum,</span> <span class='ocrx_word' id='word_1_535' title='bbox 1110 1344 1175 1373; x_wconf 84' lang='lat' dir='ltr'>viii.</span> <span class='ocrx_word' id='word_1_536' title='bbox 1190 1347 1242 1375; x_wconf 89' lang='grc'>97.</span> <span class='ocrx_word' id='word_1_537' title='bbox 1261 1343 1388 1372; x_wconf 75' lang='lat' dir='ltr'>classem</span> <span class='ocrx_word' id='word_1_538' title='bbox 1404 1343 1435 1372; x_wconf 91' lang='lat' dir='ltr'>in</span> <span class='ocrx_word' id='word_1_539' title='bbox 1450 1343 1584 1372; x_wconf 76' lang='lat' dir='ltr'>Lesbum</span> <span class='ocrx_word' id='word_1_540' title='bbox 1597 1341 1670 1371; x_wconf 79' lang='lat' dir='ltr'>mit-</span> 
     </span>
     <span class='ocr_line' id='line_1_89' title="bbox 1016 1385 1672 1424; baseline -0.003 -8"><span class='ocrx_word' id='word_1_541' title='bbox 1016 1390 1102 1423; x_wconf 83' lang='lat' dir='ltr'>tunt,</span> <span class='ocrx_word' id='word_1_542' title='bbox 1116 1387 1161 1417; x_wconf 83' lang='lat' dir='ltr'>iii.</span> <span class='ocrx_word' id='word_1_543' title='bbox 1178 1392 1208 1417; x_wconf 88' lang='lat'>3.</span> <span class='ocrx_word' id='word_1_544' title='bbox 1231 1386 1404 1424; x_wconf 80' lang='lat' dir='ltr'>Mitylenen</span> <span class='ocrx_word' id='word_1_545' title='bbox 1426 1385 1585 1415; x_wconf 84' lang='lat' dir='ltr'>obsidione</span> <span class='ocrx_word' id='word_1_546' title='bbox 1606 1385 1672 1414; x_wconf 88' lang='lat' dir='ltr'>cin-</span> 
     </span>
     <span class='ocr_line' id='line_1_90' title="bbox 1017 1429 1671 1469; baseline -0.003 -10"><span class='ocrx_word' id='word_1_547' title='bbox 1017 1434 1108 1469; x_wconf 78' lang='lat' dir='ltr'>gunt,</span> <span class='ocrx_word' id='word_1_548' title='bbox 1124 1431 1168 1460; x_wconf 90' lang='lat' dir='ltr'>iii.</span> <span class='ocrx_word' id='word_1_549' title='bbox 1182 1432 1215 1466; x_wconf 88' lang='lat'>6,</span> <span class='ocrx_word' id='word_1_550' title='bbox 1233 1434 1281 1460; x_wconf 87' lang='lat'>19.</span> <span class='ocrx_word' id='word_1_551' title='bbox 1295 1432 1327 1458; x_wconf 85' lang='lat' dir='ltr'>et</span> <span class='ocrx_word' id='word_1_552' title='bbox 1341 1429 1480 1468; x_wconf 86' lang='lat' dir='ltr'>capiunt,</span> <span class='ocrx_word' id='word_1_553' title='bbox 1495 1429 1540 1458; x_wconf 87' lang='lat' dir='ltr'>iii.</span> <span class='ocrx_word' id='word_1_554' title='bbox 1555 1433 1606 1461; x_wconf 89' lang='grc'>27.</span> <span class='ocrx_word' id='word_1_555' title='bbox 1620 1438 1671 1457; x_wconf 85' lang='lat' dir='ltr'>eo·</span> 
     </span>
     <span class='ocr_line' id='line_1_91' title="bbox 1019 1473 1672 1511; baseline -0.002 -8"><span class='ocrx_word' id='word_1_556' title='bbox 1019 1483 1088 1503; x_wconf 90' lang='lat' dir='ltr'>rum</span> <span class='ocrx_word' id='word_1_557' title='bbox 1110 1474 1143 1503; x_wconf 90' lang='lat' dir='ltr'>in</span> <span class='ocrx_word' id='word_1_558' title='bbox 1165 1473 1356 1511; x_wconf 70' lang='lat' dir='ltr'>Mitylenaeos</span> <span class='ocrx_word' id='word_1_559' title='bbox 1377 1482 1491 1502; x_wconf 77' lang='lat' dir='ltr'>saevum</span> <span class='ocrx_word' id='word_1_560' title='bbox 1503 1473 1672 1509; x_wconf 79' lang='lat' dir='ltr'>decretum,</span> 
     </span>
     <span class='ocr_line' id='line_1_92' title="bbox 1019 1516 1671 1548; baseline -0.002 -2"><span class='ocrx_word' id='word_1_561' title='bbox 1019 1517 1065 1547; x_wconf 89' lang='lat' dir='ltr'>iii.</span> <span class='ocrx_word' id='word_1_562' title='bbox 1098 1520 1149 1547; x_wconf 83' lang='lat'>36.</span> <span class='ocrx_word' id='word_1_563' title='bbox 1186 1521 1238 1548; x_wconf 85' lang='lat'>49.</span> <span class='ocrx_word' id='word_1_564' title='bbox 1283 1517 1423 1546; x_wconf 86' lang='lat' dir='ltr'>Minoam</span> <span class='ocrx_word' id='word_1_565' title='bbox 1458 1516 1592 1546; x_wconf 77' lang='lat' dir='ltr'>insulam</span> <span class='ocrx_word' id='word_1_566' title='bbox 1619 1524 1671 1545; x_wconf 84' lang='lat' dir='ltr'>oc-</span> 
     </span>
     <span class='ocr_line' id='line_1_93' title="bbox 1020 1559 1672 1599; baseline -0.003 -9"><span class='ocrx_word' id='word_1_567' title='bbox 1020 1564 1148 1599; x_wconf 81' lang='lat' dir='ltr'>cupant,</span> <span class='ocrx_word' id='word_1_568' title='bbox 1172 1561 1217 1590; x_wconf 90' lang='lat' dir='ltr'>iii.</span> <span class='ocrx_word' id='word_1_569' title='bbox 1239 1564 1292 1596; x_wconf 88' lang='lat'>51,</span> <span class='ocrx_word' id='word_1_570' title='bbox 1319 1560 1353 1589; x_wconf 91' lang='lat' dir='ltr'>in</span> <span class='ocrx_word' id='word_1_571' title='bbox 1375 1559 1457 1592; x_wconf 80' lang='lat' dir='ltr'>sicil.</span> <span class='ocrx_word' id='word_1_572' title='bbox 1483 1568 1578 1589; x_wconf 84' lang='lat' dir='ltr'>naves</span> <span class='ocrx_word' id='word_1_573' title='bbox 1598 1559 1672 1589; x_wconf 84' lang='lat' dir='ltr'>mit-</span> 
     </span>
     <span class='ocr_line' id='line_1_94' title="bbox 1016 1602 1671 1642; baseline -0.003 -9"><span class='ocrx_word' id='word_1_574' title='bbox 1016 1608 1102 1640; x_wconf 89' lang='lat' dir='ltr'>tunt,</span> <span class='ocrx_word' id='word_1_575' title='bbox 1125 1604 1169 1633; x_wconf 89' lang='lat' dir='ltr'>iii.</span> <span class='ocrx_word' id='word_1_576' title='bbox 1193 1606 1243 1635; x_wconf 88' lang='grc'>86,</span> <span class='ocrx_word' id='word_1_577' title='bbox 1268 1604 1384 1634; x_wconf 85' lang='lat' dir='ltr'>iterum</span> <span class='ocrx_word' id='word_1_578' title='bbox 1406 1606 1494 1642; x_wconf 71' lang='lat' dir='ltr'>peste</span> <span class='ocrx_word' id='word_1_579' title='bbox 1514 1602 1671 1639; x_wconf 82' lang='lat' dir='ltr'>laborant,</span> 
     </span>
     <span class='ocr_line' id='line_1_95' title="bbox 1018 1646 1670 1685; baseline -0.002 -9"><span class='ocrx_word' id='word_1_580' title='bbox 1018 1648 1064 1678; x_wconf 87' lang='lat' dir='ltr'>iii.</span> <span class='ocrx_word' id='word_1_581' title='bbox 1079 1653 1129 1679; x_wconf 85' lang='grc'>87.</span> <span class='ocrx_word' id='word_1_582' title='bbox 1152 1648 1185 1676; x_wconf 87' lang='lat' dir='ltr'>in</span> <span class='ocrx_word' id='word_1_583' title='bbox 1198 1647 1281 1676; x_wconf 82' lang='lat' dir='ltr'>AEoli</span> <span class='ocrx_word' id='word_1_584' title='bbox 1302 1646 1420 1676; x_wconf 83' lang='lat' dir='ltr'>insulas</span> <span class='ocrx_word' id='word_1_585' title='bbox 1442 1646 1670 1685; x_wconf 84' lang='lat' dir='ltr'>expeditionem</span> 
     </span>
     <span class='ocr_line' id='line_1_96' title="bbox 1017 1689 1672 1729; baseline -0.005 -9"><span class='ocrx_word' id='word_1_586' title='bbox 1017 1691 1202 1729; x_wconf 86' lang='lat' dir='ltr'>suscipiunt,</span> <span class='ocrx_word' id='word_1_587' title='bbox 1218 1690 1263 1720; x_wconf 90' lang='lat' dir='ltr'>iii.</span> <span class='ocrx_word' id='word_1_588' title='bbox 1284 1694 1334 1719; x_wconf 86' lang='lat'>88.</span> <span class='ocrx_word' id='word_1_589' title='bbox 1351 1699 1427 1729; x_wconf 82' lang='lat' dir='ltr'>quas</span> <span class='ocrx_word' id='word_1_590' title='bbox 1449 1699 1498 1719; x_wconf 87' lang='lat' dir='ltr'>res</span> <span class='ocrx_word' id='word_1_591' title='bbox 1519 1690 1552 1720; x_wconf 90' lang='lat' dir='ltr'>in</span> <span class='ocrx_word' id='word_1_592' title='bbox 1566 1689 1672 1720; x_wconf 85' lang='lat' dir='ltr'>Sicilia</span> 
     </span>
     <span class='ocr_line' id='line_1_97' title="bbox 1018 1734 1671 1772; baseline -0.002 -9"><span class='ocrx_word' id='word_1_593' title='bbox 1018 1735 1182 1772; x_wconf 84' lang='lat' dir='ltr'>gesserint,</span> <span class='ocrx_word' id='word_1_594' title='bbox 1197 1734 1242 1765; x_wconf 89' lang='lat' dir='ltr'>iii.</span> <span class='ocrx_word' id='word_1_595' title='bbox 1254 1737 1309 1769; x_wconf 89' lang='grc'>91,</span> <span class='ocrx_word' id='word_1_596' title='bbox 1320 1743 1365 1772; x_wconf 86' lang='lat' dir='ltr'>sq.</span> <span class='ocrx_word' id='word_1_597' title='bbox 1381 1738 1433 1765; x_wconf 88' lang='lat'>99.</span> <span class='ocrx_word' id='word_1_598' title='bbox 1452 1737 1522 1763; x_wconf 89' lang='lat'>103.</span> <span class='ocrx_word' id='word_1_599' title='bbox 1540 1737 1611 1770; x_wconf 85' lang='grc'><strong>115,</strong></span> <span class='ocrx_word' id='word_1_600' title='bbox 1625 1742 1671 1771; x_wconf 85' lang='lat' dir='ltr'>sq.</span> 
     </span>
     <span class='ocr_line' id='line_1_98' title="bbox 1019 1776 1672 1815; baseline -0.003 -8"><span class='ocrx_word' id='word_1_601' title='bbox 1019 1778 1147 1807; x_wconf 83' lang='lat' dir='ltr'>classem</span> <span class='ocrx_word' id='word_1_602' title='bbox 1172 1778 1205 1807; x_wconf 90' lang='lat' dir='ltr'>in</span> <span class='ocrx_word' id='word_1_603' title='bbox 1228 1777 1372 1815; x_wconf 82' lang='lat' dir='ltr'>Pelopon.</span> <span class='ocrx_word' id='word_1_604' title='bbox 1405 1781 1438 1806; x_wconf 87' lang='lat' dir='ltr'>et</span> <span class='ocrx_word' id='word_1_605' title='bbox 1461 1776 1592 1812; x_wconf 85' lang='lat' dir='ltr'>Melum,</span> <span class='ocrx_word' id='word_1_606' title='bbox 1615 1777 1672 1806; x_wconf 52' lang='lat' dir='ltr'>&amp;cg</span> 
     </span>
     <span class='ocr_line' id='line_1_99' title="bbox 1018 1819 1671 1857; baseline -0.003 -7"><span class='ocrx_word' id='word_1_607' title='bbox 1018 1822 1162 1857; x_wconf 84' lang='lat' dir='ltr'>mittunt,</span> <span class='ocrx_word' id='word_1_608' title='bbox 1190 1820 1234 1852; x_wconf 86' lang='lat' dir='ltr'>iii.</span> <span class='ocrx_word' id='word_1_609' title='bbox 1261 1824 1313 1853; x_wconf 87' lang='grc'>91.</span> <span class='ocrx_word' id='word_1_610' title='bbox 1350 1820 1384 1849; x_wconf 88' lang='lat' dir='ltr'>in</span> <span class='ocrx_word' id='word_1_611' title='bbox 1409 1819 1589 1850; x_wconf 81' lang='lat' dir='ltr'>Acarnania</span> <span class='ocrx_word' id='word_1_612' title='bbox 1622 1829 1671 1849; x_wconf 78' lang='lat' dir='ltr'>res</span> 
     </span>
     <span class='ocr_line' id='line_1_100' title="bbox 1018 1862 1671 1903; baseline -0.003 -10"><span class='ocrx_word' id='word_1_613' title='bbox 1018 1870 1123 1903; x_wconf 80' lang='lat' dir='ltr'>gestoe,</span> <span class='ocrx_word' id='word_1_614' title='bbox 1148 1864 1191 1896; x_wconf 89' lang='lat' dir='ltr'>iii.</span> <span class='ocrx_word' id='word_1_615' title='bbox 1214 1868 1266 1895; x_wconf 88' lang='grc'>94.</span> <span class='ocrx_word' id='word_1_616' title='bbox 1294 1866 1435 1902; x_wconf 78' lang='lat' dir='ltr'>pugnant</span> <span class='ocrx_word' id='word_1_617' title='bbox 1455 1872 1526 1894; x_wconf 89' lang='lat' dir='ltr'>cum</span> <span class='ocrx_word' id='word_1_618' title='bbox 1546 1862 1671 1900; x_wconf 75' lang='lat' dir='ltr'>AEtolis‚</span> 
     </span>
     <span class='ocr_line' id='line_1_101' title="bbox 1020 1907 1671 1945; baseline -0.003 -8"><span class='ocrx_word' id='word_1_619' title='bbox 1020 1908 1064 1937; x_wconf 89' lang='lat' dir='ltr'>iii.</span> <span class='ocrx_word' id='word_1_620' title='bbox 1082 1912 1134 1939; x_wconf 91' lang='grc'>97.</span> <span class='ocrx_word' id='word_1_621' title='bbox 1156 1908 1335 1944; x_wconf 78' lang='lat' dir='ltr'>vincuntur,</span> <span class='ocrx_word' id='word_1_622' title='bbox 1354 1907 1400 1937; x_wconf 92' lang='lat' dir='ltr'>iii.</span> <span class='ocrx_word' id='word_1_623' title='bbox 1422 1911 1476 1943; x_wconf 86' lang='lat'>98,</span> <span class='ocrx_word' id='word_1_624' title='bbox 1494 1916 1539 1945; x_wconf 85' lang='lat' dir='ltr'>sq.</span> <span class='ocrx_word' id='word_1_625' title='bbox 1560 1915 1671 1936; x_wconf 77' lang='lat' dir='ltr'>novam</span> 
     </span>
     <span class='ocr_line' id='line_1_102' title="bbox 1019 1949 1673 1986; baseline 0 -7"><span class='ocrx_word' id='word_1_626' title='bbox 1019 1951 1147 1980; x_wconf 79' lang='lat' dir='ltr'>classem</span> <span class='ocrx_word' id='word_1_627' title='bbox 1164 1951 1334 1986; x_wconf 85' lang='lat' dir='ltr'>instruunt,</span> <span class='ocrx_word' id='word_1_628' title='bbox 1350 1951 1395 1980; x_wconf 82' lang='lat' dir='ltr'>iii.</span> <span class='ocrx_word' id='word_1_629' title='bbox 1413 1954 1481 1980; x_wconf 89' lang='grc'><strong>115.</strong></span> <span class='ocrx_word' id='word_1_630' title='bbox 1504 1953 1537 1980; x_wconf 86' lang='lat' dir='ltr'>et</span> <span class='ocrx_word' id='word_1_631' title='bbox 1550 1950 1582 1980; x_wconf 85' lang='lat' dir='ltr'>in</span> <span class='ocrx_word' id='word_1_632' title='bbox 1597 1949 1673 1980; x_wconf 78' lang='lat' dir='ltr'>Sici-</span> 
     </span>
     <span class='ocr_line' id='line_1_103' title="bbox 1019 1993 1674 2032; baseline -0.002 -9"><span class='ocrx_word' id='word_1_633' title='bbox 1019 1994 1093 2023; x_wconf 79' lang='lat' dir='ltr'>liam</span> <span class='ocrx_word' id='word_1_634' title='bbox 1109 1994 1249 2030; x_wconf 75' lang='lat' dir='ltr'>mittunt,</span> <span class='ocrx_word' id='word_1_635' title='bbox 1265 1993 1304 2023; x_wconf 78' lang='lat' dir='ltr'>iv.</span> <span class='ocrx_word' id='word_1_636' title='bbox 1320 1998 1349 2022; x_wconf 87' lang='grc'>2.</span> <span class='ocrx_word' id='word_1_637' title='bbox 1393 1993 1500 2031; x_wconf 85' lang='lat' dir='ltr'>Pylum</span> <span class='ocrx_word' id='word_1_638' title='bbox 1520 1995 1674 2032; x_wconf 81' lang='lat' dir='ltr'>occupant</span> 
     </span>
    </p>
   </div>
   <div class='ocr_carea' id='block_1_10' title="bbox 993 2036 1672 2075">
    <p class='ocr_par' dir='ltr' id='par_1_10' title="bbox 993 2036 1672 2075">
     <span class='ocr_line' id='line_1_104' title="bbox 993 2036 1672 2075; baseline -0.007 -6"><span class='ocrx_word' id='word_1_639' title='bbox 993 2059 998 2061; x_wconf 60' lang='lat'>&gt;</span> <span class='ocrx_word' id='word_1_640' title='bbox 1021 2041 1053 2069; x_wconf 75' lang='lat' dir='ltr'>et</span> <span class='ocrx_word' id='word_1_641' title='bbox 1072 2037 1230 2073; x_wconf 86' lang='lat' dir='ltr'>muniunt,</span> <span class='ocrx_word' id='word_1_642' title='bbox 1245 2037 1285 2068; x_wconf 77' lang='lat' dir='ltr'>iv.</span> <span class='ocrx_word' id='word_1_643' title='bbox 1302 2041 1334 2072; x_wconf 86' lang='lat'>3,</span> <span class='ocrx_word' id='word_1_644' title='bbox 1348 2047 1393 2075; x_wconf 76' lang='lat' dir='ltr'>sq.</span> <span class='ocrx_word' id='word_1_645' title='bbox 1436 2037 1567 2066; x_wconf 84' lang='lat' dir='ltr'>Eionem</span> <span class='ocrx_word' id='word_1_646' title='bbox 1588 2036 1672 2074; x_wconf 81' lang='lat' dir='ltr'>capi-</span> 
     </span>
    </p>
   </div>
   <div class='ocr_carea' id='block_1_11' title="bbox 1019 2079 1682 2986">
    <p class='ocr_par' dir='ltr' id='par_1_11' title="bbox 1019 2079 1682 2986">
     <span class='ocr_line' id='line_1_105' title="bbox 1019 2079 1671 2119; baseline -0.003 -9"><span class='ocrx_word' id='word_1_647' title='bbox 1019 2083 1091 2118; x_wconf 90' lang='lat' dir='ltr'>unt,</span> <span class='ocrx_word' id='word_1_648' title='bbox 1107 2081 1145 2109; x_wconf 81' lang='lat' dir='ltr'>iv.</span> <span class='ocrx_word' id='word_1_649' title='bbox 1160 2085 1190 2112; x_wconf 91' lang='grc'>7.</span> <span class='ocrx_word' id='word_1_650' title='bbox 1213 2083 1354 2119; x_wconf 77' lang='lat' dir='ltr'>pugnant</span> <span class='ocrx_word' id='word_1_651' title='bbox 1373 2089 1444 2109; x_wconf 90' lang='lat' dir='ltr'>cum</span> <span class='ocrx_word' id='word_1_652' title='bbox 1458 2079 1567 2109; x_wconf 82' lang='lat' dir='ltr'>Laced.</span> <span class='ocrx_word' id='word_1_653' title='bbox 1588 2079 1671 2108; x_wconf 83' lang='lat' dir='ltr'>circa</span> 
     </span>
     <span class='ocr_line' id='line_1_106' title="bbox 1019 2122 1681 2162; baseline -0.002 -9"><span class='ocrx_word' id='word_1_654' title='bbox 1019 2124 1140 2162; x_wconf 83' lang='lat' dir='ltr'>Pylum,</span> <span class='ocrx_word' id='word_1_655' title='bbox 1155 2124 1194 2152; x_wconf 81' lang='lat' dir='ltr'>iv.</span> <span class='ocrx_word' id='word_1_656' title='bbox 1209 2128 1241 2159; x_wconf 89' lang='grc'>9,</span> <span class='ocrx_word' id='word_1_657' title='bbox 1256 2133 1301 2162; x_wconf 82' lang='lat' dir='ltr'>sq.</span> <span class='ocrx_word' id='word_1_658' title='bbox 1323 2131 1435 2162; x_wconf 85' lang='lat' dir='ltr'>eosque</span> <span class='ocrx_word' id='word_1_659' title='bbox 1456 2126 1616 2162; x_wconf 76' lang='lat' dir='ltr'>superant,</span> <span class='ocrx_word' id='word_1_660' title='bbox 1631 2122 1681 2153; x_wconf 80' lang='lat' dir='ltr'>iv..</span> 
     </span>
     <span class='ocr_line' id='line_1_107' title="bbox 1025 2166 1673 2205; baseline -0.003 -8"><span class='ocrx_word' id='word_1_661' title='bbox 1025 2171 1074 2203; x_wconf 88' lang='grc'>13,</span> <span class='ocrx_word' id='word_1_662' title='bbox 1089 2177 1134 2205; x_wconf 81' lang='lat' dir='ltr'>sq.</span> <span class='ocrx_word' id='word_1_663' title='bbox 1157 2167 1295 2197; x_wconf 80' lang='lat' dir='ltr'>inducias</span> <span class='ocrx_word' id='word_1_664' title='bbox 1317 2167 1447 2202; x_wconf 78' lang='lat' dir='ltr'>faciunt,</span> <span class='ocrx_word' id='word_1_665' title='bbox 1467 2166 1507 2196; x_wconf 81' lang='lat' dir='ltr'>iv.</span> <span class='ocrx_word' id='word_1_666' title='bbox 1533 2169 1581 2196; x_wconf 87' lang='grc'>16.</span> <span class='ocrx_word' id='word_1_667' title='bbox 1603 2166 1673 2205; x_wconf 78' lang='lat' dir='ltr'>qui·</span> 
     </span>
     <span class='ocr_line' id='line_1_108' title="bbox 1021 2210 1672 2248; baseline -0.002 -8"><span class='ocrx_word' id='word_1_668' title='bbox 1021 2210 1079 2240; x_wconf 88' lang='lat' dir='ltr'>bus</span> <span class='ocrx_word' id='word_1_669' title='bbox 1092 2211 1211 2246; x_wconf 85' lang='lat' dir='ltr'>solutis,</span> <span class='ocrx_word' id='word_1_670' title='bbox 1226 2210 1341 2241; x_wconf 84' lang='lat' dir='ltr'>bellum</span> <span class='ocrx_word' id='word_1_671' title='bbox 1358 2219 1463 2240; x_wconf 79' lang='lat' dir='ltr'>rursus</span> <span class='ocrx_word' id='word_1_672' title='bbox 1476 2214 1590 2248; x_wconf 83' lang='lat' dir='ltr'>gerunt</span> <span class='ocrx_word' id='word_1_673' title='bbox 1602 2219 1672 2239; x_wconf 89' lang='lat' dir='ltr'>cum</span> 
     </span>
     <span class='ocr_line' id='line_1_109' title="bbox 1021 2253 1673 2292; baseline -0.005 -8"><span class='ocrx_word' id='word_1_674' title='bbox 1021 2255 1129 2284; x_wconf 74' lang='lat' dir='ltr'>Laced.</span> <span class='ocrx_word' id='word_1_675' title='bbox 1152 2255 1191 2284; x_wconf 81' lang='lat' dir='ltr'>iv.</span> <span class='ocrx_word' id='word_1_676' title='bbox 1215 2258 1265 2284; x_wconf 81' lang='grc'>23.</span> <span class='ocrx_word' id='word_1_677' title='bbox 1290 2257 1431 2292; x_wconf 78' lang='lat' dir='ltr'>pugnant</span> <span class='ocrx_word' id='word_1_678' title='bbox 1451 2263 1524 2282; x_wconf 88' lang='lat' dir='ltr'>cum</span> <span class='ocrx_word' id='word_1_679' title='bbox 1543 2253 1673 2291; x_wconf 69' lang='lat' dir='ltr'>Syracu·</span> 
     </span>
     <span class='ocr_line' id='line_1_110' title="bbox 1020 2296 1670 2336; baseline 0.002 -10"><span class='ocrx_word' id='word_1_680' title='bbox 1020 2298 1115 2334; x_wconf 79' lang='lat' dir='ltr'>sanis,</span> <span class='ocrx_word' id='word_1_681' title='bbox 1131 2298 1170 2327; x_wconf 81' lang='lat' dir='ltr'>iv.</span> <span class='ocrx_word' id='word_1_682' title='bbox 1186 2301 1237 2327; x_wconf 77' lang='grc'>24.</span> <span class='ocrx_word' id='word_1_683' title='bbox 1259 2307 1304 2336; x_wconf 84' lang='lat' dir='ltr'>sq.</span> <span class='ocrx_word' id='word_1_684' title='bbox 1327 2297 1434 2335; x_wconf 86' lang='lat' dir='ltr'>Pylum</span> <span class='ocrx_word' id='word_1_685' title='bbox 1456 2296 1609 2332; x_wconf 81' lang='lat' dir='ltr'>obsident,</span> <span class='ocrx_word' id='word_1_686' title='bbox 1629 2297 1670 2327; x_wconf 76' lang='lat' dir='ltr'>iv.</span> 
     </span>
     <span class='ocr_line' id='line_1_111' title="bbox 1021 2340 1670 2380; baseline 0 -11"><span class='ocrx_word' id='word_1_687' title='bbox 1021 2343 1074 2376; x_wconf 85' lang='grc'>26,</span> <span class='ocrx_word' id='word_1_688' title='bbox 1097 2351 1140 2380; x_wconf 88' lang='lat' dir='ltr'>sq.</span> <span class='ocrx_word' id='word_1_689' title='bbox 1166 2344 1306 2379; x_wconf 84' lang='lat' dir='ltr'>pugnant</span> <span class='ocrx_word' id='word_1_690' title='bbox 1327 2349 1397 2370; x_wconf 89' lang='lat' dir='ltr'>cum</span> <span class='ocrx_word' id='word_1_691' title='bbox 1420 2340 1530 2370; x_wconf 82' lang='lat' dir='ltr'>Laced.</span> <span class='ocrx_word' id='word_1_692' title='bbox 1552 2340 1592 2369; x_wconf 91' lang='lat' dir='ltr'>iv.</span> <span class='ocrx_word' id='word_1_693' title='bbox 1614 2345 1670 2376; x_wconf 83' lang='grc'>82,</span> 
     </span>
     <span class='ocr_line' id='line_1_112' title="bbox 1021 2383 1682 2422; baseline -0.003 -8"><span class='ocrx_word' id='word_1_694' title='bbox 1021 2394 1087 2422; x_wconf 81' lang='lat' dir='ltr'>sqq.</span> <span class='ocrx_word' id='word_1_695' title='bbox 1117 2383 1294 2414; x_wconf 86' lang='lat' dir='ltr'>Corinthios</span> <span class='ocrx_word' id='word_1_696' title='bbox 1316 2384 1481 2420; x_wconf 76' lang='lat' dir='ltr'>invadunt,</span> <span class='ocrx_word' id='word_1_697' title='bbox 1494 2384 1534 2415; x_wconf 78' lang='lat' dir='ltr'>iv.</span> <span class='ocrx_word' id='word_1_698' title='bbox 1557 2387 1610 2419; x_wconf 71' lang='lat'>42,</span> <span class='ocrx_word' id='word_1_699' title='bbox 1625 2393 1682 2422; x_wconf 76' lang='lat' dir='ltr'>sq..</span> 
     </span>
     <span class='ocr_line' id='line_1_113' title="bbox 1021 2427 1671 2466; baseline -0.002 -9"><span class='ocrx_word' id='word_1_700' title='bbox 1021 2427 1223 2457; x_wconf 80' lang='lat' dir='ltr'>Anactorium</span> <span class='ocrx_word' id='word_1_701' title='bbox 1238 2427 1378 2466; x_wconf 81' lang='lat' dir='ltr'>capiunt,</span> <span class='ocrx_word' id='word_1_702' title='bbox 1393 2427 1433 2456; x_wconf 83' lang='lat' dir='ltr'>iv.</span> <span class='ocrx_word' id='word_1_703' title='bbox 1448 2431 1500 2458; x_wconf 78' lang='grc'>49.</span> <span class='ocrx_word' id='word_1_704' title='bbox 1523 2427 1671 2456; x_wconf 84' lang='lat' dir='ltr'>Chiorum</span> 
     </span>
     <span class='ocr_line' id='line_1_114' title="bbox 1021 2469 1673 2508; baseline -0.002 -8"><span class='ocrx_word' id='word_1_705' title='bbox 1021 2480 1145 2501; x_wconf 82' lang='lat' dir='ltr'>murum</span> <span class='ocrx_word' id='word_1_706' title='bbox 1159 2471 1320 2508; x_wconf 76' lang='lat' dir='ltr'>dejiciunt,</span> <span class='ocrx_word' id='word_1_707' title='bbox 1334 2471 1374 2500; x_wconf 76' lang='lat' dir='ltr'>iv.</span> <span class='ocrx_word' id='word_1_708' title='bbox 1390 2474 1441 2500; x_wconf 90' lang='grc'>51.</span> <span class='ocrx_word' id='word_1_709' title='bbox 1474 2469 1609 2508; x_wconf 73' lang='lat' dir='ltr'>Cythera</span> <span class='ocrx_word' id='word_1_710' title='bbox 1622 2479 1673 2499; x_wconf 83' lang='lat' dir='ltr'>oc·-</span> 
     </span>
     <span class='ocr_line' id='line_1_115' title="bbox 1020 2513 1672 2552; baseline -0.002 -9"><span class='ocrx_word' id='word_1_711' title='bbox 1020 2518 1148 2552; x_wconf 81' lang='lat' dir='ltr'>cupant,</span> <span class='ocrx_word' id='word_1_712' title='bbox 1164 2514 1202 2543; x_wconf 83' lang='lat' dir='ltr'>iv.</span> <span class='ocrx_word' id='word_1_713' title='bbox 1219 2518 1270 2550; x_wconf 81' lang='grc'>53,</span> <span class='ocrx_word' id='word_1_714' title='bbox 1285 2524 1349 2552; x_wconf 81' lang='lat' dir='ltr'>sqq.</span> <span class='ocrx_word' id='word_1_715' title='bbox 1367 2522 1475 2552; x_wconf 69' lang='lat' dir='ltr'>agrum</span> <span class='ocrx_word' id='word_1_716' title='bbox 1488 2513 1600 2543; x_wconf 74' lang='lat' dir='ltr'>Lacon.</span> <span class='ocrx_word' id='word_1_717' title='bbox 1618 2523 1672 2551; x_wconf 82' lang='lat' dir='ltr'>po·</span> 
     </span>
     <span class='ocr_line' id='line_1_116' title="bbox 1020 2556 1682 2597; baseline 0.002 -11"><span class='ocrx_word' id='word_1_718' title='bbox 1020 2558 1182 2597; x_wconf 81' lang='lat' dir='ltr'>pulantur,</span> <span class='ocrx_word' id='word_1_719' title='bbox 1197 2558 1236 2587; x_wconf 83' lang='lat' dir='ltr'>iv.</span> <span class='ocrx_word' id='word_1_720' title='bbox 1253 2561 1304 2587; x_wconf 83' lang='grc'>54.</span> <span class='ocrx_word' id='word_1_721' title='bbox 1325 2556 1478 2595; x_wconf 74' lang='lat' dir='ltr'>&#39;rhyream</span> <span class='ocrx_word' id='word_1_722' title='bbox 1492 2557 1682 2595; x_wconf 64' lang='lat' dir='ltr'>capiunt,et⁴</span> 
     </span>
     <span class='ocr_line' id='line_1_117' title="bbox 1020 2599 1671 2639; baseline -0.003 -9"><span class='ocrx_word' id='word_1_723' title='bbox 1020 2601 1181 2638; x_wconf 76' lang='lat' dir='ltr'>AEginetas</span> <span class='ocrx_word' id='word_1_724' title='bbox 1214 2601 1382 2639; x_wconf 78' lang='lat' dir='ltr'>perimunt,</span> <span class='ocrx_word' id='word_1_725' title='bbox 1410 2601 1449 2630; x_wconf 85' lang='lat' dir='ltr'>iv.</span> <span class='ocrx_word' id='word_1_726' title='bbox 1479 2603 1529 2631; x_wconf 78' lang='lat'>57.</span> <span class='ocrx_word' id='word_1_727' title='bbox 1563 2599 1671 2637; x_wconf 58' lang='grc' dir='ltr'><strong>Ιοηςυι</strong></span> 
     </span>
     <span class='ocr_line' id='line_1_118' title="bbox 1020 2642 1670 2682; baseline 0 -9"><span class='ocrx_word' id='word_1_728' title='bbox 1020 2653 1136 2680; x_wconf 85' lang='lat' dir='ltr'>muros,</span> <span class='ocrx_word' id='word_1_729' title='bbox 1151 2643 1381 2682; x_wconf 77' lang='lat' dir='ltr'>Megarensium</span> <span class='ocrx_word' id='word_1_730' title='bbox 1399 2643 1538 2681; x_wconf 74' lang='lat' dir='ltr'>capiunt,</span> <span class='ocrx_word' id='word_1_731' title='bbox 1555 2642 1595 2671; x_wconf 77' lang='lat' dir='ltr'>iv.</span> <span class='ocrx_word' id='word_1_732' title='bbox 1615 2645 1670 2678; x_wconf 85' lang='grc'>69,</span> 
     </span>
     <span class='ocr_line' id='line_1_119' title="bbox 1021 2686 1670 2726; baseline -0.003 -10"><span class='ocrx_word' id='word_1_733' title='bbox 1021 2698 1064 2726; x_wconf 83' lang='lat' dir='ltr'>sq.</span> <span class='ocrx_word' id='word_1_734' title='bbox 1088 2691 1120 2716; x_wconf 84' lang='lat' dir='ltr'>ct</span> <span class='ocrx_word' id='word_1_735' title='bbox 1141 2688 1286 2723; x_wconf 76' lang='lat' dir='ltr'>Nisaeam,</span> <span class='ocrx_word' id='word_1_736' title='bbox 1308 2686 1347 2715; x_wconf 79' lang='lat' dir='ltr'>iv.</span> <span class='ocrx_word' id='word_1_737' title='bbox 1370 2689 1422 2717; x_wconf 90' lang='lat'>69.</span> <span class='ocrx_word' id='word_1_738' title='bbox 1443 2694 1578 2724; x_wconf 76' lang='lat' dir='ltr'>pugnam</span> <span class='ocrx_word' id='word_1_739' title='bbox 1599 2695 1670 2715; x_wconf 88' lang='lat' dir='ltr'>cum</span> 
     </span>
     <span class='ocr_line' id='line_1_120' title="bbox 1019 2728 1670 2766; baseline 0 -6"><span class='ocrx_word' id='word_1_740' title='bbox 1019 2730 1149 2766; x_wconf 76' lang='lat' dir='ltr'>Brasida</span> <span class='ocrx_word' id='word_1_741' title='bbox 1159 2731 1342 2765; x_wconf 77' lang='lat' dir='ltr'>detrectant,</span> <span class='ocrx_word' id='word_1_742' title='bbox 1351 2728 1390 2758; x_wconf 87' lang='lat' dir='ltr'>iv.</span> <span class='ocrx_word' id='word_1_743' title='bbox 1398 2733 1449 2760; x_wconf 87' lang='grc'>73.</span> <span class='ocrx_word' id='word_1_744' title='bbox 1471 2729 1670 2760; x_wconf 76' lang='lat' dir='ltr'>Antandrum</span> 
     </span>
     <span class='ocr_line' id='line_1_121' title="bbox 1020 2772 1671 2812; baseline -0.003 -9"><span class='ocrx_word' id='word_1_745' title='bbox 1020 2775 1185 2812; x_wconf 84' lang='lat' dir='ltr'>rccipiunt,</span> <span class='ocrx_word' id='word_1_746' title='bbox 1206 2774 1244 2802; x_wconf 78' lang='lat' dir='ltr'>iv.</span> <span class='ocrx_word' id='word_1_747' title='bbox 1260 2777 1310 2804; x_wconf 90' lang='grc'>75.</span> <span class='ocrx_word' id='word_1_748' title='bbox 1354 2772 1508 2801; x_wconf 82' lang='lat' dir='ltr'>Boeotiam</span> <span class='ocrx_word' id='word_1_749' title='bbox 1529 2773 1671 2810; x_wconf 75' lang='lat' dir='ltr'>ingressi,</span> 
     </span>
     <span class='ocr_line' id='line_1_122' title="bbox 1021 2815 1670 2854; baseline -0.002 -8"><span class='ocrx_word' id='word_1_750' title='bbox 1021 2817 1144 2846; x_wconf 65' lang='lat' dir='ltr'>Delium</span> <span class='ocrx_word' id='word_1_751' title='bbox 1159 2815 1384 2850; x_wconf 80' lang='lat' dir='ltr'>communiunt,</span> <span class='ocrx_word' id='word_1_752' title='bbox 1396 2815 1435 2844; x_wconf 79' lang='lat' dir='ltr'>iv.</span> <span class='ocrx_word' id='word_1_753' title='bbox 1449 2820 1501 2846; x_wconf 85' lang='lat'>90.</span> <span class='ocrx_word' id='word_1_754' title='bbox 1524 2816 1670 2854; x_wconf 72' lang='lat' dir='ltr'>proelium</span> 
     </span>
     <span class='ocr_line' id='line_1_123' title="bbox 1021 2858 1671 2893; baseline -0.002 -5"><span class='ocrx_word' id='word_1_755' title='bbox 1021 2861 1130 2891; x_wconf 74' lang='lat' dir='ltr'>ineunt</span> <span class='ocrx_word' id='word_1_756' title='bbox 1153 2867 1223 2889; x_wconf 87' lang='lat' dir='ltr'>cum</span> <span class='ocrx_word' id='word_1_757' title='bbox 1247 2859 1378 2893; x_wconf 71' lang='lat' dir='ltr'>Emotis,</span> <span class='ocrx_word' id='word_1_758' title='bbox 1404 2859 1443 2888; x_wconf 85' lang='lat' dir='ltr'>iv.</span> <span class='ocrx_word' id='word_1_759' title='bbox 1466 2861 1518 2890; x_wconf 82' lang='lat'>96.</span> <span class='ocrx_word' id='word_1_760' title='bbox 1541 2858 1671 2888; x_wconf 79' lang='lat' dir='ltr'>vincun-</span> 
     </span>
     <span class='ocr_line' id='line_1_124' title="bbox 1019 2901 1670 2940; baseline 0 -9"><span class='ocrx_word' id='word_1_761' title='bbox 1019 2908 1084 2939; x_wconf 77' lang='lat' dir='ltr'>tur,</span> <span class='ocrx_word' id='word_1_762' title='bbox 1114 2902 1155 2932; x_wconf 87' lang='lat' dir='ltr'>ib.</span> <span class='ocrx_word' id='word_1_763' title='bbox 1190 2911 1234 2940; x_wconf 84' lang='lat' dir='ltr'>sq.</span> <span class='ocrx_word' id='word_1_764' title='bbox 1279 2901 1401 2931; x_wconf 83' lang='lat' dir='ltr'>Delium</span> <span class='ocrx_word' id='word_1_765' title='bbox 1437 2902 1599 2937; x_wconf 78' lang='lat' dir='ltr'>amittunt,</span> <span class='ocrx_word' id='word_1_766' title='bbox 1630 2902 1670 2931; x_wconf 77' lang='lat' dir='ltr'>iv.</span> 
     </span>
     <span class='ocr_line' id='line_1_125' title="bbox 1024 2944 1670 2986; baseline 0 -11"><span class='ocrx_word' id='word_1_767' title='bbox 1024 2949 1092 2978; x_wconf 83' lang='lat'>101.</span> <span class='ocrx_word' id='word_1_768' title='bbox 1135 2944 1313 2985; x_wconf 81' lang='lat' dir='ltr'>Amphipoli</span> <span class='ocrx_word' id='word_1_769' title='bbox 1330 2949 1421 2986; x_wconf 80' lang='lat' dir='ltr'>capta</span> <span class='ocrx_word' id='word_1_770' title='bbox 1438 2944 1592 2986; x_wconf 71' lang='lat' dir='ltr'>trepidare</span> <span class='ocrx_word' id='word_1_771' title='bbox 1605 2953 1670 2975; x_wconf 72' lang='lat' dir='ltr'>cm·</span> 
     </span>
    </p>
   </div>
  </div>
 </body>
</html>
