1768 3198
674 175 875 215 INDEX
902 177 1130 216 RERUM.

186 275 322 308 Daithus
335 273 445 308 Laced.
459 287 489 307 v.
507 281 558 310 19.

186 321 378 360 Damagetus
392 321 501 350 Laced.
523 321 599 352 ibid.

186 364 351 403 Damagon
364 365 475 394 Laced.
491 365 535 394 iii.
549 369 602 396 92.

187 406 384 437 Damotimus
397 407 562 437 Naucratis
574 408 619 438 fil.
633 404 674 437 iv.
694 412 704 436 1
716 412 766 439 19.

185 450 352 490 Daphnus,
361 451 431 480 viii.
447 455 498 482 23.
514 455 567 482 31.
587 451 657 480 vide
669 450 812 480 I‘almerii
823 451 878 479 Gr.

230 497 297 525 ant.
310 504 342 534 p.
359 497 432 526 569.

181 535 303 568 Darius
318 539 480 567 Persarum
493 547 549 567 rex
563 537 721 575 Cambysae
731 535 879 572 succedit,

229 581 252 611 i.
280 585 329 610 14.
373 581 556 611 Phoenicum
582 581 677 610 classe
703 579 820 609 insulas
846 579 880 609 in

228 631 318 654 suam
328 627 513 663 potestatem
523 624 647 662 redigit,
659 624 680 653 i.
695 625 744 652 16.
763 623 797 652 in
811 623 880 652 Ma-

227 669 360 698 rathone
383 671 502 706 pugnat
528 676 599 696 cum
622 666 879 702 Atheniensibus,

227 711 271 741 vi.
290 715 343 743 59.
366 711 446 740 alter
460 711 575 740 Darius
588 710 772 740 Artaxerxis
785 709 879 746 filius,

227 754 295 784 viii.
330 758 361 784 5.
397 754 499 784 foedus
535 763 607 784 cum
642 753 879 784 Lacedaemoniis

180 834 182 836 v
223 797 342 836 jungit,
355 797 421 826 viii.
438 801 488 828 18.
503 803 558 829 37.

183 841 379 876 Dardanum,
393 840 460 870 viii.
479 845 550 871 104.

183 884 312 914 Darius.
335 884 399 914 vid.
421 885 585 914 Persarum
606 893 703 922 reges.
747 883 880 915 Daricus

229 930 338 964 stater,
351 927 418 957 viii.
434 932 486 958 28.

183 970 310 1001 Dascon
325 971 498 1001 Camarinae
511 971 664 1008 conditor,
676 970 730 1000 vii.
749 974 779 1002 5.

184 1015 310 1046 Dascon
337 1015 423 1044 sinus
452 1018 485 1044 et
513 1014 630 1044 castell.
657 1014 699 1044 vi.
727 1016 782 1045 66.
809 1014 879 1043 vide

229 1058 365 1088 Cluverii
381 1057 465 1088 Sicil.
481 1067 513 1097 p.
533 1062 606 1088 180.

183 1100 353 1140 Dascylitis
366 1101 536 1140 provincia,
550 1102 572 1130 i.
592 1105 662 1131 129.

184 1144 302 1175 Daulia
325 1145 400 1175 urbs
427 1145 460 1174 in
487 1154 562 1183 agro
584 1143 746 1180 Phocensi,
770 1143 804 1174 ii.
825 1147 879 1176 29.

228 1188 298 1217 vide
320 1188 422 1218 strab.
446 1188 466 1218 1.
489 1188 533 1219 ix.
562 1189 694 1217 Pausan.
718 1187 751 1216 in
772 1187 881 1217 Phoci-

228 1232 284 1268 cis,
299 1236 332 1261 et
343 1231 487 1262 Palmerii
500 1233 556 1262 Gr.
572 1233 638 1261 ant.
651 1230 674 1261 1.
687 1230 731 1261 vi.
747 1240 775 1262 c.
794 1235 844 1261 12.

183 1275 316 1306 Daulias
329 1275 406 1312 avis,
419 1275 498 1305 ibid.

183 1318 318 1350 Decelea
343 1319 377 1347 in
402 1319 521 1355 Attica,
547 1318 589 1347 vi.
613 1322 666 1349 93.
709 1316 880 1347 Alcibiadis

228 1371 323 1391 suasu
337 1362 540 1397 communita,
548 1361 601 1391 vii.
619 1365 670 1396 18,
686 1361 880 1393 19.maximo

225 1405 413 1435 Atheniens.
435 1405 559 1440 damno,
578 1403 634 1434 vii.
652 1408 704 1435 27.
728 1407 880 1443 quantum

227 1449 323 1478 distet
335 1449 375 1478 ab
390 1449 535 1485 Athenis,
549 1448 603 1478 vii.
623 1451 673 1478 19.

182 1492 360 1523 Decemviri
374 1492 507 1521 Athenis
519 1491 628 1528 creati,
643 1490 709 1520 viii.
724 1493 776 1522 67.

183 1536 327 1566 Defectio
348 1537 526 1566 Graecorum
549 1534 588 1564 ab
612 1535 730 1565 Athen.
761 1543 823 1574 qua
842 1534 880 1564 de

228 1588 332 1616 causa,
347 1580 369 1609 i.
383 1583 437 1611 99.

185 1622 334 1652 Defectus
356 1622 450 1659 lunae,
468 1622 523 1654 vii.
546 1625 598 1653 50.
621 1620 706 1658 solis,
726 1621 749 1651 i.
773 1625 826 1652 23.
844 1621 879 1651 ii.

232 1671 284 1696 28.
309 1666 350 1696 iv.
366 1670 418 1696 52.

184 1709 366 1741 Deiniadas.
388 1710 459 1739 vide
472 1709 634 1739 Diniadas.

183 1752 312 1783 Delium
325 1753 480 1792 Apollinis
501 1753 653 1791 templum
671 1751 706 1781 in
725 1761 800 1790 agro
818 1752 881 1782 Ta-

227 1805 364 1835 nagraeo,
392 1797 434 1826 iv.
463 1798 515 1828 76.
545 1797 616 1826 vide
645 1795 763 1826 Herod.
786 1795 808 1824 1.
835 1796 879 1826 vi.

226 1841 362 1870 Pausan.
384 1840 418 1870 in
440 1839 601 1876 Boeoticis,
622 1841 653 1868 et
675 1838 778 1870 Strab.
792 1838 814 1867 l.
836 1838 879 1868 ix.

224 1883 268 1912 ab
290 1884 409 1913 Athen.
430 1883 599 1919 munitum,
615 1883 657 1912 iv.
674 1886 727 1913 90.
750 1891 771 1911 a
785 1882 879 1910 Boeo-

225 1926 269 1956 tis
284 1929 510 1966 oppugnatum,
522 1926 563 1956 iv.
582 1929 654 1956 100.
675 1928 708 1954 et
721 1933 879 1965 expugna-

226 1974 309 2006 tum,
322 1969 400 2000 ibid.

184 2011 312 2052 Delphi,
327 2014 347 2043 i.
364 2017 436 2044 112.
469 2012 606 2051 Delphos
622 2011 721 2050 spolia
732 2011 815 2041 mitti
831 2021 879 2040 so-

227 2056 297 2093 lita,
312 2057 354 2088 iv.
373 2061 444 2087 134.
477 2055 630 2094 Delphica
644 2058 729 2084 vates
739 2055 880 2084 aPlisto-

226 2103 346 2129 anactae
372 2102 530 2138 corrupta,
553 2109 583 2128 v.
611 2101 662 2128 16.
693 2098 879 2137 Delphicum

224 2144 379 2183 templum
401 2142 531 2182 Delphis
547 2152 566 2171 a
583 2142 694 2172 Laced.
716 2142 880 2178 traditum,

225 2187 435 2218 phocensibus
456 2186 496 2215 ab
517 2186 633 2215 Athen.
649 2186 669 2215 i.
689 2190 761 2215 112.
806 2185 881 2216 Del-

227 2230 354 2269 phicum
367 2230 538 2260 oraculum.
561 2230 630 2258 vide
644 2228 824 2258 Oraculum.

185 2274 388 2312 Delphinium
403 2273 436 2303 in
447 2274 537 2309 Chio,
547 2273 613 2302 viii.
627 2276 678 2302 25.
694 2273 763 2302 vide
774 2271 877 2302 Strab.

227 2317 253 2347 l.
277 2318 320 2347 ix.
356 2317 395 2347 ab
430 2315 678 2348 Atheniensibus
709 2315 877 2352 munitum,

229 2360 308 2390 ibid.
692 2369 695 2371 ·

179 2401 283 2434 ‘Delus
303 2403 343 2432 ab
356 2403 474 2433 Athen.
495 2403 642 2439 lustrata,
655 2402 677 2432 i.
695 2405 724 2431 Β.
741 2401 787 2431 ἰίἰ.
805 2405 878 2432 104.

228 2447 373 2476 aerarium
386 2447 502 2476 Athen.
517 2447 539 2477 i.
554 2449 608 2478 96.
630 2445 715 2475 mota·
729 2447 802 2474 ante
815 2445 879 2474 bel-

226 2489 293 2519 lum
307 2490 412 2528 Pelop.
427 2490 460 2520 ii.
479 2494 508 2520 8.
532 2489 652 2519 Deliaci
672 2487 738 2518 ludi
758 2491 788 2518 et
808 2498 879 2518 con-

227 2537 352 2570 ventus,
367 2533 412 2563 iii.
433 2537 504 2563 104.
547 2533 632 2563 Delii
645 2531 684 2561 ab
701 2531 817 2561 Athen.
841 2541 879 2561 ex

227 2576 332 2606 insula
352 2577 509 2613 summoti,
522 2586 553 2607 v.
572 2581 597 2607 1.
621 2583 754 2614 quonam
777 2584 809 2604 se
831 2584 879 2603 re-

228 2621 380 2659 ceperint,
397 2620 439 2650 ib.
465 2623 497 2649 et
518 2620 583 2650 viii.
609 2622 679 2648 108.
704 2618 827 2657 quando
848 2621 880 2648 et

228 2672 285 2693 cur
298 2664 338 2693 ab
351 2663 469 2694 Athen.
493 2663 525 2693 in
547 2662 680 2703 patriam
699 2661 831 2699 reducti,
845 2670 878 2693 v.

230 2712 285 2737 32.

186 2752 374 2782 Demaratus
388 2746 505 2780 Athen.
518 2750 560 2780 vi.
578 2753 650 2779 105.

186 2793 379 2825 Demarchus
393 2793 494 2830 Syme.
510 2793 576 2822 viii.
590 2797 641 2824 74.

187 2839 321 2875 Demeas
333 2839 422 2876 pater
435 2836 626 2874 Philocratis,
641 2845 670 2866 v.
687 2837 759 2865 116.

189 2879 384 2918 Demiourgi,
398 2888 428 2910 v.
444 2883 495 2911 47.

187 2924 387 2956 Democratia
395 2922 529 2955 Athenis
542 2921 676 2961 sublata,
687 2921 752 2953 viii.
766 2923 818 2953 68.
833 2931 879 2962 sq.

965 282 998 308 et
1010 279 1116 317 Argis,
1130 288 1159 309 v.
1176 283 1229 309 81.

920 322 1128 358 Demodocus,
1141 323 1183 353 iv.
1200 323 1253 354 75.
1357 354 1360 357 ,
1573 331 1583 342 ·

920 365 1146 396 Demosthenes
1181 364 1371 396 Alcisthenin
1405 365 1450 398 fil.
1481 366 1527 398 iii.
1563 371 1618 399 91.

964 409 1078 439 AEtolis
1099 408 1216 438 bellum
1238 408 1345 447 infert,
1358 409 1406 440 iii.
1423 414 1477 442 94.
1499 411 1618 440 cladem

965 451 1005 481 ab
1021 453 1058 481 iis
1073 452 1197 491 accipit,
1212 452 1258 482 iii.
1274 456 1328 484 98.
1351 452 1392 483 ob
1412 462 1505 492 quam
1519 454 1619 484 Athe-

966 503 1021 524 nas
1041 496 1142 524 redire
1163 505 1227 525 non
1249 496 1354 532 audet,
1368 496 1422 525 sed
1434 498 1517 536 apud
1529 498 1618 528 Nau-

965 541 1092 577 pactum
1113 542 1230 576 manet,
1245 538 1288 569 ib.
1309 538 1408 569 totius
1430 540 1551 570 socialis
1564 549 1618 570 ex-

966 582 1080 611 ercitus
1102 583 1166 612 dux
1187 582 1314 623 electus,
1338 582 1384 612 iii.
1411 586 1482 615 107.
1505 593 1554 614 res
1575 583 1617 614 ab

966 635 1003 655 eo
1030 628 1135 664 gestae,
1159 625 1203 656 ib.
1227 635 1275 665 sq.
1303 625 1386 656 circa.
1407 625 1517 664 Pylum
1540 636 1616 666 quo-

965 669 1056 698 modo
1069 678 1101 698 se
1113 670 1255 708 gesserit,
1269 669 1310 699 iv.
1323 674 1356 700 3.
1377 669 1492 700 milites
1512 670 1618 700 horta-

964 715 1030 748 tur,
1044 713 1086 743 iv.
1104 717 1154 742 1ο.
1178 713 1308 751 Megara
1319 715 1435 749 tentat,
1449 713 1491 743 iv.
1506 715 1560 751 66,
1571 723 1618 753 sq.

965 755 1196 795 Megarensium
1218 756 1325 795 longos
1343 765 1448 787 muros
1461 756 1557 796 capit,
1573 756 1616 789 iv.

965 802 1017 829 68.
1060 799 1196 829 Nisaeam
1209 802 1352 838 occupat,
1366 801 1410 831 iv.
1425 801 1478 832 69.
1499 801 1540 830 ad
1552 800 1618 831 bel-

964 842 1030 871 lum
1055 842 1281 881 Syracusanum
1306 843 1456 880 mittitur,
1483 843 1538 873 vii.
1566 846 1616 874 16.

964 886 1083 924 trajicit
1096 886 1130 915 in
1144 886 1292 924 Siciliam,
1305 887 1362 917 vii.
1379 890 1431 916 25.
1453 886 1618 925 Syracusas

966 939 1037 959 cum
1059 929 1155 959 classe
1176 930 1273 966 venit,
1296 930 1350 960 vii.
1373 933 1427 960 42.
1469 930 1617 969 Epipolas

964 982 1139 1011 aggressus,
1148 982 1261 1012 magna
1267 983 1337 1003 cum
1347 972 1434 1002 clade
1443 972 1616 1012 repellitur,

964 1016 1021 1046 vii.
1048 1020 1101 1047 43.
1133 1017 1300 1047 discessum
1327 1025 1344 1045 e
1368 1016 1472 1046 Sicilia
1495 1018 1616 1054 suadet,

965 1059 1020 1089 vii.
1036 1063 1089 1092 47.
1112 1069 1176 1090 non
1197 1059 1310 1099 probat
1329 1060 1426 1090 Niciae
1439 1061 1615 1098 consilinm,

965 1103 1022 1132 vii.
1036 1107 1089 1134 49.
1111 1103 1257 1134 ultimum
1279 1103 1388 1133 navale
1408 1103 1554 1142 proelium
1568 1105 1618 1133 in-

965 1146 1098 1175 feliciter
1110 1149 1226 1184 tentat,
1241 1147 1294 1177 vii.
1309 1150 1363 1183 70,
1377 1156 1422 1185 sq.
1459 1146 1618 1185 Syracusis

967 1190 1108 1227 discedit,
1117 1191 1173 1220 vii.
1190 1194 1243 1227 71,
1254 1199 1300 1228 sq.
1324 1199 1396 1222 cum
1409 1190 1474 1220 suis
1486 1199 1519 1220 se
1532 1191 1619 1220 dedit

967 1233 1178 1271 Syracusanis,
1191 1234 1246 1263 vii.
1263 1237 1316 1264 82.
1341 1236 1374 1263 et
1387 1232 1427 1263 ab
1447 1233 1509 1264 illis
1521 1233 1618 1265 inter·

965 1276 1081 1313 ficitur,
1095 1277 1149 1307 vii.
1167 1279 1219 1307 86.

923 1319 1112 1357 Demoteles,
1126 1319 1174 1350 iii.
1189 1325 1243 1351 89.

923 1362 1103 1401 Dercylidas
1126 1364 1228 1402 Spart.
1252 1362 1398 1401 Abydum
1421 1365 1453 1392 et
1469 1364 1616 1402 lampsa-

966 1415 1036 1436 cum
1050 1410 1192 1445 occupat,
1206 1406 1273 1437 viii.
1288 1409 1342 1443 61,
1356 1409 1410 1436 62.

923 1449 1054 1486 Derdas,
1070 1450 1091 1479 i.
1107 1454 1159 1483 75.
1182 1459 1232 1491 res
1244 1449 1284 1478 ab
1299 1458 1335 1479 eo
1349 1451 1456 1488 gestoe,
1471 1448 1516 1480 ib.

923 1492 1053 1531 Dersaei,
1073 1493 1108 1525 ii.
1130 1497 1202 1524 101.
1223 1493 1294 1523 vide
1315 1493 1466 1524 Hei-odet.
1482 1493 1504 1524 1.
1517 1491 1572 1524 vii.
1587 1501 1616 1524 e.

969 1540 1040 1566 110.
1212 1563 1215 1565 -

922 1579 1036 1611 Denn.
1060 1579 1101 1610 al.
1124 1581 1232 1617 Lerus,
1247 1579 1314 1610 viii.
1329 1583 1382 1612 27.

922 1622 1107 1660 Deucalion,
1122 1624 1145 1654 i.
1163 1628 1195 1654 3.

922 1662 1082 1696 Diacritus
1096 1669 1185 1706 pater
1199 1666 1375 1705 Melesippi,
1389 1666 1422 1696 ii.
1441 1670 1491 1696 12.

921 1709 1055 1740 Diacum
1067 1719 1177 1749 genus.
1199 1710 1269 1739 vide
1284 1710 1348 1740 Dii.

922 1753 1027 1782 Diana
1039 1753 1188 1792 Ephesia,
1201 1753 1248 1784 iii.
1267 1756 1337 1783 104.
1359 1751 1425 1782 viii.
1442 1756 1514 1784 109.

922 1796 1043 1834 Diasia,
1057 1797 1211 1827 maximus
1224 1797 1310 1827 Jovis
1328 1795 1463 1826 Milichii
1477 1796 1542 1826 dies
1555 1796 1616 1826 fe·-

965 1842 1029 1876 tus,
1042 1840 1065 1870 i.
1084 1843 1154 1870 126.

922 1882 1128 1913 Dietidienses
1140 1883 1282 1921 Thysson
1294 1882 1434 1922 capiunt,
1444 1883 1502 1913 διο.
1514 1892 1546 1912 v.
1560 1886 1617 1914 85.

963 1926 998 1955 in
1021 1929 1127 1956 monte
1150 1926 1236 1955 Atho
1259 1926 1415 1962 habitant,
1434 1935 1466 1957 v.
1489 1930 1543 1957 82.
1575 1926 1615 1955 ab

964 1969 1149 2001 Atheniens.
1172 1970 1212 1999 ad
1225 1969 1441 1999 Chalcidenses
1455 1969 1614 2006 deficiunt,

964 2012 1040 2043 ibid.

921 2054 1049 2086 Dictum
1063 2057 1230 2086 Lacedaem.
1252 2058 1390 2092 acutum,
1405 2055 1447 2086 iv.
1463 2059 1515 2085 40.

921 2098 1052 2138 Didyme
1063 2099 1176 2136 insula,
1191 2100 1236 2130 iii.
1252 2103 1303 2129 88.
1325 2099 1394 2129 vide
1408 2099 1514 2129 Sti-ab.
1533 2098 1557 2130 l.
1570 2099 1612 2130 vi.

965 2146 998 2172 et
1014 2143 1150 2173 Cluverii
1163 2143 1246 2173 Sicil.
1259 2152 1291 2181 p.
1306 2145 1380 2174 396.
1405 2147 1437 2172 et
1449 2146 1524 2173 414.

922 2185 1108 2226 Diemporus
1123 2186 1298 2217 Onetoridae
1310 2186 1354 2216 fil.
1369 2186 1404 2216 ii.
1419 2190 1450 2217 2.

922 2229 976 2258 Dii
991 2239 1030 2259 ex
1047 2230 1144 2260 Diaco
1158 2238 1283 2268 genere,
1297 2229 1330 2260 ii.
1345 2232 1398 2262 96.
1412 2229 1467 2260 vii.
1483 2233 1536 2261 27.

921 2272 1100 2312 Diitrephes
1114 2274 1231 2303 Athen.
1245 2273 1298 2303 vii.
1313 2277 1366 2305 29.

921 2315 1083 2346 Diluvium
1106 2317 1189 2346 circa
1210 2316 1342 2346 Orobias
1365 2318 1398 2346 et
1419 2315 1614 2354 Atalantam,

964 2359 1010 2389 iii.
1027 2365 1077 2391 89.

922 2401 1084 2441 Diniadas,
1097 2403 1165 2433 viii.
1183 2408 1236 2434 22.

922 2446 1033 2476 Dinias
1048 2450 1136 2486 pater
1151 2446 1330 2486 Cleippidoe,
1344 2446 1390 2476 iii.
1405 2451 1438 2477 3.

923 2489 1075 2520 Diodotus
1089 2490 1233 2520 Eucratis
1246 2491 1288 2520 fil.
1304 2489 1350 2521 iii.
1365 2493 1418 2520 412
1444 2488 1615 2520 orationem

966 2533 1072 2570 habet,
1088 2533 1132 2563 iii.
1147 2537 1199 2564 42.
1223 2537 1255 2563 et
1268 2543 1315 2572 sq.

921 2575 1095 2606 Diomedon
1113 2577 1231 2607 Athen.
1254 2577 1329 2614 dux,
1343 2575 1410 2606 viii.
1427 2579 1477 2607 19.
1521 2575 1615 2604 Chios

965 2619 1063 2649 victos
1090 2620 1222 2658 obsidet,
1244 2620 1311 2651 viii.
1336 2623 1389 2650 24.
1421 2618 1615 2648 democratioe

965 2663 1060 2700 favet,
1074 2663 1138 2693 viii.
1156 2667 1208 2695 54.

922 2705 1076 2735 Diomilus
1091 2707 1240 2744 Andrius,
1255 2707 1296 2736 vi.
1310 2708 1364 2739 96.
1388 2705 1420 2735 in
1437 2704 1550 2744 proelio
1567 2704 1615 2733 in-

965 2750 1125 2786 terfectus,
1139 2751 1180 2780 vi.
1194 2755 1246 2782 97.

923 2790 1007 2821 Dion
1029 2793 1217 2823 Macedouiae
1238 2802 1287 2831 op.
1310 2792 1350 2822 iv.
1372 2795 1425 2823 78.
1468 2792 1550 2821 Dion
1575 2792 1614 2821 ad

967 2836 1085 2873 Athon,
1100 2837 1141 2867 iv.
1160 2840 1231 2867 109.

923 2877 1085 2917 Dionysia,
1099 2889 1128 2910 v.
1143 2882 1194 2909 20.
1210 2882 1261 2909 23.
1296 2878 1515 2919 Dionysiacum
1528 2877 1620 2909 thea-

967 2925 1051 2954 trum
1066 2923 1133 2962 ubi,
1146 2922 1211 2954 viii.
1225 2926 1278 2954 93.
