<?xml version="1.0" encoding="UTF-8"?>
<!DOCTYPE html PUBLIC "-//W3C//DTD XHTML 1.0 Transitional//EN"
    "http://www.w3.org/TR/xhtml1/DTD/xhtml1-transitional.dtd">
<html xmlns="http://www.w3.org/1999/xhtml" xml:lang="en" lang="en">
 <head>
  <title>
</title>
<meta http-equiv="Content-Type" content="text/html;charset=utf-8" />
  <meta name='ocr-system' content='tesseract 3.04.00' />
  <meta name='ocr-capabilities' content='ocr_page ocr_carea ocr_par ocr_line ocrx_word'/>
</head>
<body>
  <div class='ocr_page' id='page_1' title='image "./peloponnesia03thucuoft_0306.png"; bbox 0 0 1768 3198; ppageno 0'>
   <div class='ocr_carea' id='block_1_1' title="bbox 653 151 1109 199">
    <p class='ocr_par' dir='ltr' id='par_1_1' title="bbox 653 151 1109 199">
     <span class='ocr_line' id='line_1_1' title="bbox 653 151 1109 199; baseline -0.007 0"><span class='ocrx_word' id='word_1_1' title='bbox 653 156 855 199; x_wconf 80' lang='lat' dir='ltr'><strong>INDEX</strong></span> <span class='ocrx_word' id='word_1_2' title='bbox 879 151 1109 196; x_wconf 77' lang='lat' dir='ltr'><strong>RERUM.</strong></span> 
     </span>
    </p>
   </div>
   <div class='ocr_carea' id='block_1_2' title="bbox 190 258 883 686">
    <p class='ocr_par' dir='ltr' id='par_1_2' title="bbox 190 258 493 297">
     <span class='ocr_line' id='line_1_2' title="bbox 190 258 493 297; baseline 0 -7"><span class='ocrx_word' id='word_1_3' title='bbox 190 258 384 297; x_wconf 71' lang='lat' dir='ltr'><strong>Saminthus,</strong></span> <span class='ocrx_word' id='word_1_4' title='bbox 396 270 426 290; x_wconf 83' lang='lat' dir='ltr'><strong>v.</strong></span> <span class='ocrx_word' id='word_1_5' title='bbox 441 264 493 291; x_wconf 80' lang='lat'><strong>58.</strong></span> 
     </span>
    </p>

    <p class='ocr_par' dir='ltr' id='par_1_3' title="bbox 191 303 883 686">
     <span class='ocr_line' id='line_1_3' title="bbox 191 303 883 341; baseline -0.003 -7"><span class='ocrx_word' id='word_1_6' title='bbox 191 304 310 341; x_wconf 84' lang='lat' dir='ltr'><strong>Samos,</strong></span> <span class='ocrx_word' id='word_1_7' title='bbox 337 304 400 333; x_wconf 87' lang='lat' dir='ltr'><strong>sive</strong></span> <span class='ocrx_word' id='word_1_8' title='bbox 429 305 549 340; x_wconf 86' lang='lat' dir='ltr'><strong>Samus,</strong></span> <span class='ocrx_word' id='word_1_9' title='bbox 578 303 618 333; x_wconf 83' lang='lat' dir='ltr'><strong>ab</strong></span> <span class='ocrx_word' id='word_1_10' title='bbox 646 304 763 334; x_wconf 99' lang='lat' dir='ltr'><strong>Athen.</strong></span> <span class='ocrx_word' id='word_1_11' title='bbox 786 311 883 341; x_wconf 88' lang='lat' dir='ltr'><strong>expu-</strong></span> 
     </span>
     <span class='ocr_line' id='line_1_4' title="bbox 233 346 882 386; baseline -0.003 -10"><span class='ocrx_word' id='word_1_12' title='bbox 233 349 342 385; x_wconf 67' lang='lat' dir='ltr'><strong>gnata,</strong></span> <span class='ocrx_word' id='word_1_13' title='bbox 362 347 382 376; x_wconf 91' lang='lat' dir='ltr'><strong>i.</strong></span> <span class='ocrx_word' id='word_1_14' title='bbox 401 349 470 377; x_wconf 88' lang='lat'><strong>116.</strong></span> <span class='ocrx_word' id='word_1_15' title='bbox 488 347 554 385; x_wconf 81' lang='lat' dir='ltr'><strong>ejus</strong></span> <span class='ocrx_word' id='word_1_16' title='bbox 576 357 648 386; x_wconf 85' lang='lat' dir='ltr'><strong>opes</strong></span> <span class='ocrx_word' id='word_1_17' title='bbox 671 357 707 376; x_wconf 90' lang='lat' dir='ltr'><strong>ac</strong></span> <span class='ocrx_word' id='word_1_18' title='bbox 728 346 882 385; x_wconf 84' lang='lat' dir='ltr'><strong>potentia,</strong></span> 
     </span>
     <span class='ocr_line' id='line_1_5' title="bbox 233 388 881 428; baseline -0.002 -9"><span class='ocrx_word' id='word_1_19' title='bbox 233 390 300 420; x_wconf 83' lang='lat' dir='ltr'><strong>viii.</strong></span> <span class='ocrx_word' id='word_1_20' title='bbox 329 395 380 422; x_wconf 89' lang='grc'><strong>73.</strong></span> <span class='ocrx_word' id='word_1_21' title='bbox 411 393 462 422; x_wconf 90' lang='grc'><strong>76.</strong></span> <span class='ocrx_word' id='word_1_22' title='bbox 489 391 556 428; x_wconf 84' lang='lat' dir='ltr'><strong>ejus</strong></span> <span class='ocrx_word' id='word_1_23' title='bbox 582 400 603 419; x_wconf 91' lang='lat' dir='ltr'><strong>a</strong></span> <span class='ocrx_word' id='word_1_24' title='bbox 628 391 808 419; x_wconf 80' lang='lat' dir='ltr'><strong>continente</strong></span> <span class='ocrx_word' id='word_1_25' title='bbox 834 388 881 417; x_wconf 86' lang='lat' dir='ltr'><strong>di-</strong></span> 
     </span>
     <span class='ocr_line' id='line_1_6' title="bbox 231 430 883 470; baseline -0.005 -8"><span class='ocrx_word' id='word_1_26' title='bbox 231 431 364 469; x_wconf 74' lang='lat' dir='ltr'><strong>stantia,</strong></span> <span class='ocrx_word' id='word_1_27' title='bbox 378 430 442 463; x_wconf 85' lang='lat' dir='ltr'><strong>viii.</strong></span> <span class='ocrx_word' id='word_1_28' title='bbox 458 435 510 465; x_wconf 88' lang='grc'><strong>79.</strong></span> <span class='ocrx_word' id='word_1_29' title='bbox 525 434 558 463; x_wconf 85' lang='grc'><strong>111</strong></span> <span class='ocrx_word' id='word_1_30' title='bbox 571 443 608 462; x_wconf 84' lang='lat' dir='ltr'><strong>ea</strong></span> <span class='ocrx_word' id='word_1_31' title='bbox 622 436 739 462; x_wconf 87' lang='lat' dir='ltr'><strong>statum</strong></span> <span class='ocrx_word' id='word_1_32' title='bbox 752 431 883 470; x_wconf 89' lang='lat' dir='ltr'><strong>popula-</strong></span> 
     </span>
     <span class='ocr_line' id='line_1_7' title="bbox 233 475 880 512; baseline -0.003 -7"><span class='ocrx_word' id='word_1_33' title='bbox 233 485 299 505; x_wconf 81' lang='lat' dir='ltr'><strong>rem</strong></span> <span class='ocrx_word' id='word_1_34' title='bbox 321 477 519 506; x_wconf 84' lang='lat' dir='ltr'><strong>constituunt</strong></span> <span class='ocrx_word' id='word_1_35' title='bbox 531 477 750 512; x_wconf 79' lang='lat' dir='ltr'>Athenienses,</span> <span class='ocrx_word' id='word_1_36' title='bbox 764 475 788 506; x_wconf 88' lang='lat' dir='ltr'><strong>i.</strong></span> <span class='ocrx_word' id='word_1_37' title='bbox 808 477 880 504; x_wconf 85' lang='lat'><strong>115.</strong></span> 
     </span>
     <span class='ocr_line' id='line_1_8' title="bbox 234 517 882 554; baseline -0.003 -6"><span class='ocrx_word' id='word_1_38' title='bbox 234 519 329 548; x_wconf 88' lang='lat' dir='ltr'><strong>Samii</strong></span> <span class='ocrx_word' id='word_1_39' title='bbox 351 519 392 548; x_wconf 87' lang='lat' dir='ltr'><strong>ab</strong></span> <span class='ocrx_word' id='word_1_40' title='bbox 409 520 526 549; x_wconf 83' lang='lat' dir='ltr'><strong>Athen.</strong></span> <span class='ocrx_word' id='word_1_41' title='bbox 549 519 707 554; x_wconf 85' lang='lat' dir='ltr'><strong>deficiunt,</strong></span> <span class='ocrx_word' id='word_1_42' title='bbox 730 518 750 547; x_wconf 94' lang='lat' dir='ltr'><strong>i.</strong></span> <span class='ocrx_word' id='word_1_43' title='bbox 773 521 825 547; x_wconf 83' lang='lat'><strong>40.</strong></span> <span class='ocrx_word' id='word_1_44' title='bbox 848 517 882 546; x_wconf 90' lang='lat' dir='ltr'><strong>in</strong></span> 
     </span>
     <span class='ocr_line' id='line_1_9' title="bbox 233 562 882 601; baseline -0.003 -11"><span class='ocrx_word' id='word_1_45' title='bbox 233 571 341 591; x_wconf 84' lang='lat' dir='ltr'><strong>eorum</strong></span> <span class='ocrx_word' id='word_1_46' title='bbox 355 565 541 601; x_wconf 86' lang='lat' dir='ltr'><strong>potestatem</strong></span> <span class='ocrx_word' id='word_1_47' title='bbox 556 562 789 592; x_wconf 85' lang='lat' dir='ltr'><strong>Corinthiorum</strong></span> <span class='ocrx_word' id='word_1_48' title='bbox 810 569 882 599; x_wconf 87' lang='lat' dir='ltr'><strong>ope-</strong></span> 
     </span>
     <span class='ocr_line' id='line_1_10' title="bbox 232 603 882 642; baseline -0.003 -8"><span class='ocrx_word' id='word_1_49' title='bbox 232 612 270 634; x_wconf 84' lang='lat' dir='ltr'><strong>ra</strong></span> <span class='ocrx_word' id='word_1_50' title='bbox 284 605 413 642; x_wconf 72' lang='lat' dir='ltr'><strong>redacti,</strong></span> <span class='ocrx_word' id='word_1_51' title='bbox 428 605 448 635; x_wconf 85' lang='lat' dir='ltr'><strong>i.</strong></span> <span class='ocrx_word' id='word_1_52' title='bbox 464 609 516 635; x_wconf 88' lang='grc'><strong>41.</strong></span> <span class='ocrx_word' id='word_1_53' title='bbox 534 614 604 633; x_wconf 90' lang='lat' dir='ltr'><strong>cum</strong></span> <span class='ocrx_word' id='word_1_54' title='bbox 621 604 752 634; x_wconf 81' lang='lat' dir='ltr'>Milesiis</span> <span class='ocrx_word' id='word_1_55' title='bbox 766 603 882 632; x_wconf 89' lang='lat' dir='ltr'><strong>bellum</strong></span> 
     </span>
     <span class='ocr_line' id='line_1_11' title="bbox 232 645 882 686; baseline -0.003 -9"><span class='ocrx_word' id='word_1_56' title='bbox 232 651 358 686; x_wconf 78' lang='lat' dir='ltr'><strong>gerunt,</strong></span> <span class='ocrx_word' id='word_1_57' title='bbox 393 648 415 677; x_wconf 93' lang='lat' dir='ltr'><strong>i.</strong></span> <span class='ocrx_word' id='word_1_58' title='bbox 454 652 523 677; x_wconf 89' lang='grc'><strong>115.</strong></span> <span class='ocrx_word' id='word_1_59' title='bbox 557 648 661 677; x_wconf 80' lang='lat' dir='ltr'><strong>navali</strong></span> <span class='ocrx_word' id='word_1_60' title='bbox 695 647 807 686; x_wconf 90' lang='lat' dir='ltr'><strong>proelio</strong></span> <span class='ocrx_word' id='word_1_61' title='bbox 841 645 882 675; x_wconf 87' lang='lat' dir='ltr'><strong>ab</strong></span> 
     </span>
    </p>
   </div>
   <div class='ocr_carea' id='block_1_3' title="bbox 231 690 906 727">
    <p class='ocr_par' dir='ltr' id='par_1_4' title="bbox 231 690 906 727">
     <span class='ocr_line' id='line_1_12' title="bbox 231 690 906 727; baseline -0.004 -7"><span class='ocrx_word' id='word_1_62' title='bbox 231 691 351 720; x_wconf 84' lang='lat' dir='ltr'><strong>Athen.</strong></span> <span class='ocrx_word' id='word_1_63' title='bbox 377 692 558 727; x_wconf 86' lang='lat' dir='ltr'><strong>vincuntur,</strong></span> <span class='ocrx_word' id='word_1_64' title='bbox 581 691 602 720; x_wconf 92' lang='lat' dir='ltr'><strong>i.</strong></span> <span class='ocrx_word' id='word_1_65' title='bbox 630 693 701 727; x_wconf 88' lang='lat'><strong>116,</strong></span> <span class='ocrx_word' id='word_1_66' title='bbox 730 694 801 726; x_wconf 88' lang='lat'><strong>117,</strong></span> <span class='ocrx_word' id='word_1_67' title='bbox 825 690 906 719; x_wconf 68' lang='lat' dir='ltr'><strong>&amp;c.‘</strong></span> 
     </span>
    </p>
   </div>
   <div class='ocr_carea' id='block_1_4' title="bbox 169 732 883 2919">
    <p class='ocr_par' dir='ltr' id='par_1_5' title="bbox 169 732 883 858">
     <span class='ocr_line' id='line_1_13' title="bbox 232 732 883 770; baseline -0.002 -8"><span class='ocrx_word' id='word_1_68' title='bbox 232 743 299 763; x_wconf 82' lang='lat' dir='ltr'><strong>sese</strong></span> <span class='ocrx_word' id='word_1_69' title='bbox 315 734 432 763; x_wconf 88' lang='lat' dir='ltr'><strong>dedunt</strong></span> <span class='ocrx_word' id='word_1_70' title='bbox 446 734 562 764; x_wconf 84' lang='lat' dir='ltr'><strong>Athen.</strong></span> <span class='ocrx_word' id='word_1_71' title='bbox 576 733 651 763; x_wconf 87' lang='lat' dir='ltr'>ibid.</span> <span class='ocrx_word' id='word_1_72' title='bbox 666 743 683 762; x_wconf 94' lang='lat' dir='ltr'><strong>e</strong></span> <span class='ocrx_word' id='word_1_73' title='bbox 696 733 815 763; x_wconf 84' lang='lat' dir='ltr'><strong>Zancla</strong></span> <span class='ocrx_word' id='word_1_74' title='bbox 827 732 883 770; x_wconf 89' lang='lat' dir='ltr'><strong>eji-</strong></span> 
     </span>
     <span class='ocr_line' id='line_1_14' title="bbox 169 775 883 813; baseline 0.001 -8"><span class='ocrx_word' id='word_1_75' title='bbox 169 791 172 793; x_wconf 41' lang='lat'>*</span> <span class='ocrx_word' id='word_1_76' title='bbox 231 777 370 813; x_wconf 86' lang='lat' dir='ltr'><strong>ciuntur,</strong></span> <span class='ocrx_word' id='word_1_77' title='bbox 384 777 426 806; x_wconf 92' lang='lat' dir='ltr'><strong>vi.</strong></span> <span class='ocrx_word' id='word_1_78' title='bbox 442 781 471 807; x_wconf 89' lang='lat'><strong>5.</strong></span> <span class='ocrx_word' id='word_1_79' title='bbox 485 786 592 806; x_wconf 89' lang='lat' dir='ltr'><strong>eorum</strong></span> <span class='ocrx_word' id='word_1_80' title='bbox 606 777 716 806; x_wconf 88' lang='lat' dir='ltr'><strong>seditio</strong></span> <span class='ocrx_word' id='word_1_81' title='bbox 729 776 769 805; x_wconf 94' lang='lat' dir='ltr'><strong>ob</strong></span> <span class='ocrx_word' id='word_1_82' title='bbox 785 775 883 806; x_wconf 90' lang='lat' dir='ltr'><strong>domi-</strong></span> 
     </span>
     <span class='ocr_line' id='line_1_15' title="bbox 231 820 834 858; baseline 0.002 -10"><span class='ocrx_word' id='word_1_83' title='bbox 231 823 325 849; x_wconf 83' lang='lat' dir='ltr'><strong>natus</strong></span> <span class='ocrx_word' id='word_1_84' title='bbox 339 820 556 857; x_wconf 80' lang='lat' dir='ltr'><strong>mutationem,</strong></span> <span class='ocrx_word' id='word_1_85' title='bbox 571 820 637 849; x_wconf 90' lang='lat' dir='ltr'><strong>viii.</strong></span> <span class='ocrx_word' id='word_1_86' title='bbox 652 824 704 857; x_wconf 84' lang='grc'><strong>21,</strong></span> <span class='ocrx_word' id='word_1_87' title='bbox 719 824 772 856; x_wconf 88' lang='grc'><strong>73,</strong></span> <span class='ocrx_word' id='word_1_88' title='bbox 787 828 834 858; x_wconf 79' lang='lat' dir='ltr'><strong>sq.</strong></span> 
     </span>
    </p>

    <p class='ocr_par' dir='ltr' id='par_1_6' title="bbox 188 861 412 898">
     <span class='ocr_line' id='line_1_16' title="bbox 188 861 412 898; baseline 0.004 -7"><span class='ocrx_word' id='word_1_89' title='bbox 188 861 301 898; x_wconf 73' lang='lat' dir='ltr'><strong>Sanaei,</strong></span> <span class='ocrx_word' id='word_1_90' title='bbox 316 872 346 891; x_wconf 90' lang='lat' dir='ltr'><strong>v.</strong></span> <span class='ocrx_word' id='word_1_91' title='bbox 364 866 412 892; x_wconf 89' lang='grc'><strong>18.</strong></span> 
     </span>
    </p>

    <p class='ocr_par' dir='ltr' id='par_1_7' title="bbox 188 905 563 941">
     <span class='ocr_line' id='line_1_17' title="bbox 188 905 563 941; baseline 0.005 -7"><span class='ocrx_word' id='word_1_92' title='bbox 188 905 323 934; x_wconf 83' lang='lat' dir='ltr'><strong>sandius</strong></span> <span class='ocrx_word' id='word_1_93' title='bbox 335 905 434 941; x_wconf 87' lang='lat' dir='ltr'><strong>collis,</strong></span> <span class='ocrx_word' id='word_1_94' title='bbox 449 905 494 935; x_wconf 87' lang='lat' dir='ltr'><strong>iii.</strong></span> <span class='ocrx_word' id='word_1_95' title='bbox 513 909 563 937; x_wconf 87' lang='lat'><strong>19.</strong></span> 
     </span>
    </p>

    <p class='ocr_par' dir='ltr' id='par_1_8' title="bbox 188 947 882 1021">
     <span class='ocr_line' id='line_1_18' title="bbox 188 947 882 986; baseline 0 -9"><span class='ocrx_word' id='word_1_96' title='bbox 188 947 270 977; x_wconf 84' lang='lat' dir='ltr'><strong>Sane</strong></span> <span class='ocrx_word' id='word_1_97' title='bbox 292 949 483 978; x_wconf 79' lang='lat' dir='ltr'><strong>Andriorum</strong></span> <span class='ocrx_word' id='word_1_98' title='bbox 504 948 638 986; x_wconf 80' lang='lat' dir='ltr'><strong>colonia,</strong></span> <span class='ocrx_word' id='word_1_99' title='bbox 653 948 694 979; x_wconf 84' lang='lat' dir='ltr'><strong>iv.</strong></span> <span class='ocrx_word' id='word_1_100' title='bbox 720 952 790 980; x_wconf 84' lang='lat'><strong>109.</strong></span> <span class='ocrx_word' id='word_1_101' title='bbox 812 947 882 978; x_wconf 84' lang='lat' dir='ltr'><strong>vide</strong></span> 
     </span>
     <span class='ocr_line' id='line_1_19' title="bbox 233 991 458 1021; baseline -0.004 0"><span class='ocrx_word' id='word_1_102' title='bbox 233 992 353 1021; x_wconf 86' lang='lat' dir='ltr'><strong>Herod.</strong></span> <span class='ocrx_word' id='word_1_103' title='bbox 368 991 390 1021; x_wconf 92' lang='lat' dir='ltr'><strong>l.</strong></span> <span class='ocrx_word' id='word_1_104' title='bbox 404 992 458 1020; x_wconf 87' lang='lat' dir='ltr'><strong>vii.</strong></span> 
     </span>
    </p>

    <p class='ocr_par' dir='ltr' id='par_1_9' title="bbox 187 1032 839 1071">
     <span class='ocr_line' id='line_1_20' title="bbox 187 1032 839 1071; baseline 0.002 -8"><span class='ocrx_word' id='word_1_105' title='bbox 187 1032 298 1064; x_wconf 83' lang='lat' dir='ltr'><strong>Sardes</strong></span> <span class='ocrx_word' id='word_1_106' title='bbox 314 1034 402 1071; x_wconf 87' lang='lat' dir='ltr'><strong>urbs,</strong></span> <span class='ocrx_word' id='word_1_107' title='bbox 416 1035 437 1064; x_wconf 94' lang='lat' dir='ltr'><strong>i.</strong></span> <span class='ocrx_word' id='word_1_108' title='bbox 456 1038 526 1064; x_wconf 88' lang='lat'><strong>115.</strong></span> <span class='ocrx_word' id='word_1_109' title='bbox 539 1034 608 1064; x_wconf 86' lang='lat' dir='ltr'><strong>vide</strong></span> <span class='ocrx_word' id='word_1_110' title='bbox 622 1034 724 1065; x_wconf 84' lang='lat' dir='ltr'><strong>Strab.</strong></span> <span class='ocrx_word' id='word_1_111' title='bbox 737 1034 759 1064; x_wconf 88' lang='lat'><strong>1.</strong></span> <span class='ocrx_word' id='word_1_112' title='bbox 774 1033 839 1064; x_wconf 89' lang='lat' dir='ltr'><strong>xiii.</strong></span> 
     </span>
    </p>

    <p class='ocr_par' dir='ltr' id='par_1_10' title="bbox 188 1077 645 1116">
     <span class='ocr_line' id='line_1_21' title="bbox 188 1077 645 1116; baseline 0 -10"><span class='ocrx_word' id='word_1_113' title='bbox 188 1077 323 1115; x_wconf 83' lang='lat' dir='ltr'><strong>Sargeus</strong></span> <span class='ocrx_word' id='word_1_114' title='bbox 337 1077 510 1116; x_wconf 79' lang='lat' dir='ltr'><strong>Sicyonius,</strong></span> <span class='ocrx_word' id='word_1_115' title='bbox 524 1078 578 1107; x_wconf 82' lang='lat' dir='ltr'><strong>vii.</strong></span> <span class='ocrx_word' id='word_1_116' title='bbox 596 1082 645 1109; x_wconf 87' lang='lat'><strong>19.</strong></span> 
     </span>
    </p>

    <p class='ocr_par' dir='ltr' id='par_1_11' title="bbox 187 1119 880 1193">
     <span class='ocr_line' id='line_1_22' title="bbox 187 1119 880 1158; baseline -0.003 -8"><span class='ocrx_word' id='word_1_117' title='bbox 187 1119 326 1150; x_wconf 83' lang='lat' dir='ltr'><strong>Scandea</strong></span> <span class='ocrx_word' id='word_1_118' title='bbox 348 1121 565 1158; x_wconf 86' lang='lat' dir='ltr'><strong>Cytheriorum</strong></span> <span class='ocrx_word' id='word_1_119' title='bbox 586 1120 673 1156; x_wconf 86' lang='lat' dir='ltr'><strong>urbs,</strong></span> <span class='ocrx_word' id='word_1_120' title='bbox 687 1119 728 1149; x_wconf 87' lang='lat' dir='ltr'><strong>iv.</strong></span> <span class='ocrx_word' id='word_1_121' title='bbox 743 1123 795 1149; x_wconf 85' lang='grc'><strong>54.</strong></span> <span class='ocrx_word' id='word_1_122' title='bbox 811 1119 880 1149; x_wconf 89' lang='lat' dir='ltr'><strong>vide</strong></span> 
     </span>
     <span class='ocr_line' id='line_1_23' title="bbox 231 1163 541 1193; baseline 0 -1"><span class='ocrx_word' id='word_1_123' title='bbox 231 1164 365 1192; x_wconf 85' lang='lat' dir='ltr'><strong>Pausan.</strong></span> <span class='ocrx_word' id='word_1_124' title='bbox 380 1163 413 1192; x_wconf 91' lang='lat' dir='ltr'><strong>in</strong></span> <span class='ocrx_word' id='word_1_125' title='bbox 427 1164 541 1193; x_wconf 80' lang='lat' dir='ltr'><strong>Lacon.</strong></span> 
     </span>
    </p>

    <p class='ocr_par' dir='ltr' id='par_1_12' title="bbox 184 1205 881 1330">
     <span class='ocr_line' id='line_1_24' title="bbox 184 1205 880 1244; baseline -0.001 -9"><span class='ocrx_word' id='word_1_126' title='bbox 184 1205 293 1236; x_wconf 80' lang='lat' dir='ltr'><strong>Scelus</strong></span> <span class='ocrx_word' id='word_1_127' title='bbox 326 1206 502 1244; x_wconf 88' lang='lat' dir='ltr'><strong>Cylonium,</strong></span> <span class='ocrx_word' id='word_1_128' title='bbox 531 1206 555 1237; x_wconf 89' lang='grc' dir='ltr'><strong>ἰ.</strong></span> <span class='ocrx_word' id='word_1_129' title='bbox 586 1208 656 1235; x_wconf 87' lang='grc'><strong>126.</strong></span> <span class='ocrx_word' id='word_1_130' title='bbox 690 1205 880 1241; x_wconf 79' lang='lat' dir='ltr'><strong>Taenarium,</strong></span> 
     </span>
     <span class='ocr_line' id='line_1_25' title="bbox 231 1249 881 1288; baseline -0.002 -10"><span class='ocrx_word' id='word_1_131' title='bbox 231 1249 306 1278; x_wconf 90' lang='lat' dir='ltr'>ibid.</span> <span class='ocrx_word' id='word_1_132' title='bbox 330 1250 552 1286; x_wconf 87' lang='lat' dir='ltr'><strong>Chalcioecum,</strong></span> <span class='ocrx_word' id='word_1_133' title='bbox 567 1249 642 1278; x_wconf 84' lang='lat' dir='ltr'>ibid.</span> <span class='ocrx_word' id='word_1_134' title='bbox 663 1249 778 1278; x_wconf 85' lang='lat' dir='ltr'><strong>scelera</strong></span> <span class='ocrx_word' id='word_1_135' title='bbox 797 1258 814 1277; x_wconf 91' lang='lat' dir='ltr'><strong>e</strong></span> <span class='ocrx_word' id='word_1_136' title='bbox 827 1258 881 1288; x_wconf 89' lang='lat' dir='ltr'><strong>pe-</strong></span> 
     </span>
     <span class='ocr_line' id='line_1_26' title="bbox 231 1293 722 1330; baseline 0.002 -9"><span class='ocrx_word' id='word_1_137' title='bbox 231 1295 278 1321; x_wconf 85' lang='lat' dir='ltr'><strong>ste</strong></span> <span class='ocrx_word' id='word_1_138' title='bbox 292 1293 409 1322; x_wconf 82' lang='lat' dir='ltr'><strong>Athen.</strong></span> <span class='ocrx_word' id='word_1_139' title='bbox 423 1295 543 1329; x_wconf 85' lang='lat' dir='ltr'><strong>exorta,</strong></span> <span class='ocrx_word' id='word_1_140' title='bbox 557 1293 592 1322; x_wconf 88' lang='lat' dir='ltr'><strong>ii.</strong></span> <span class='ocrx_word' id='word_1_141' title='bbox 608 1296 660 1328; x_wconf 86' lang='lat'><strong>51,</strong></span> <span class='ocrx_word' id='word_1_142' title='bbox 675 1301 722 1330; x_wconf 86' lang='lat' dir='ltr'><strong>sq.</strong></span> 
     </span>
    </p>

    <p class='ocr_par' dir='ltr' id='par_1_13' title="bbox 188 1334 624 1374">
     <span class='ocr_line' id='line_1_27' title="bbox 188 1334 624 1374; baseline 0.002 -10"><span class='ocrx_word' id='word_1_143' title='bbox 188 1334 299 1364; x_wconf 77' lang='lat' dir='ltr'><strong>Schola</strong></span> <span class='ocrx_word' id='word_1_144' title='bbox 313 1336 488 1374; x_wconf 87' lang='lat' dir='ltr'><strong>Mycalessi‚</strong></span> <span class='ocrx_word' id='word_1_145' title='bbox 500 1335 556 1365; x_wconf 86' lang='lat' dir='ltr'><strong>vii.</strong></span> <span class='ocrx_word' id='word_1_146' title='bbox 571 1339 624 1367; x_wconf 85' lang='grc'><strong>29.</strong></span> 
     </span>
    </p>

    <p class='ocr_par' dir='ltr' id='par_1_14' title="bbox 188 1378 881 1846">
     <span class='ocr_line' id='line_1_28' title="bbox 188 1378 878 1418; baseline -0.004 -9"><span class='ocrx_word' id='word_1_147' title='bbox 188 1379 309 1416; x_wconf 88' lang='lat' dir='ltr'><strong>Scione,</strong></span> <span class='ocrx_word' id='word_1_148' title='bbox 321 1378 398 1408; x_wconf 87' lang='lat' dir='ltr'><strong>urbs</strong></span> <span class='ocrx_word' id='word_1_149' title='bbox 411 1379 494 1418; x_wconf 84' lang='lat' dir='ltr'><strong>apud</strong></span> <span class='ocrx_word' id='word_1_150' title='bbox 507 1378 653 1409; x_wconf 80' lang='lat' dir='ltr'><strong>Pellenen</strong></span> <span class='ocrx_word' id='word_1_151' title='bbox 665 1378 736 1414; x_wconf 85' lang='lat' dir='ltr'><strong>sita,</strong></span> <span class='ocrx_word' id='word_1_152' title='bbox 751 1378 792 1407; x_wconf 86' lang='lat' dir='ltr'><strong>iv.</strong></span> <span class='ocrx_word' id='word_1_153' title='bbox 809 1380 878 1407; x_wconf 89' lang='grc'><strong>120.</strong></span> 
     </span>
     <span class='ocr_line' id='line_1_29' title="bbox 234 1420 879 1452; baseline -0.002 -2"><span class='ocrx_word' id='word_1_154' title='bbox 234 1426 304 1452; x_wconf 87' lang='grc'><strong>130.</strong></span> <span class='ocrx_word' id='word_1_155' title='bbox 331 1422 401 1451; x_wconf 84' lang='lat' dir='ltr'><strong>vide</strong></span> <span class='ocrx_word' id='word_1_156' title='bbox 435 1422 552 1452; x_wconf 82' lang='lat' dir='ltr'><strong>Herod.</strong></span> <span class='ocrx_word' id='word_1_157' title='bbox 585 1421 607 1451; x_wconf 87' lang='lat'><strong>1.</strong></span> <span class='ocrx_word' id='word_1_158' title='bbox 634 1420 688 1449; x_wconf 87' lang='lat' dir='ltr'><strong>vii.</strong></span> <span class='ocrx_word' id='word_1_159' title='bbox 718 1422 750 1449; x_wconf 92' lang='lat' dir='ltr'><strong>et</strong></span> <span class='ocrx_word' id='word_1_160' title='bbox 777 1420 879 1450; x_wconf 89' lang='lat' dir='ltr'><strong>Strab.</strong></span> 
     </span>
     <span class='ocr_line' id='line_1_30' title="bbox 228 1463 879 1503; baseline -0.006 -8"><span class='ocrx_word' id='word_1_161' title='bbox 228 1465 318 1503; x_wconf 83' lang='lat' dir='ltr'><strong>Epit.</strong></span> <span class='ocrx_word' id='word_1_162' title='bbox 342 1465 363 1494; x_wconf 88' lang='lat' dir='ltr'><strong>l.</strong></span> <span class='ocrx_word' id='word_1_163' title='bbox 380 1464 433 1494; x_wconf 81' lang='lat' dir='ltr'><strong>vii.</strong></span> <span class='ocrx_word' id='word_1_164' title='bbox 455 1464 496 1494; x_wconf 86' lang='lat' dir='ltr'><strong>ab</strong></span> <span class='ocrx_word' id='word_1_165' title='bbox 518 1465 635 1494; x_wconf 86' lang='lat' dir='ltr'><strong>Athen.</strong></span> <span class='ocrx_word' id='word_1_166' title='bbox 657 1463 696 1492; x_wconf 90' lang='lat' dir='ltr'><strong>ad</strong></span> <span class='ocrx_word' id='word_1_167' title='bbox 717 1463 879 1492; x_wconf 84' lang='lat' dir='ltr'><strong>Brasidam</strong></span> 
     </span>
     <span class='ocr_line' id='line_1_31' title="bbox 229 1506 880 1545; baseline -0.005 -8"><span class='ocrx_word' id='word_1_168' title='bbox 229 1508 344 1545; x_wconf 85' lang='lat' dir='ltr'><strong>deficit,</strong></span> <span class='ocrx_word' id='word_1_169' title='bbox 366 1507 443 1538; x_wconf 88' lang='lat' dir='ltr'>ibid.</span> <span class='ocrx_word' id='word_1_170' title='bbox 469 1507 509 1536; x_wconf 82' lang='lat' dir='ltr'><strong>ab</strong></span> <span class='ocrx_word' id='word_1_171' title='bbox 530 1507 647 1537; x_wconf 83' lang='lat' dir='ltr'><strong>Athen.</strong></span> <span class='ocrx_word' id='word_1_172' title='bbox 667 1506 880 1536; x_wconf 81' lang='lat' dir='ltr'><strong>circumvalla-</strong></span> 
     </span>
     <span class='ocr_line' id='line_1_32' title="bbox 230 1550 880 1590; baseline -0.003 -10"><span class='ocrx_word' id='word_1_173' title='bbox 230 1553 296 1587; x_wconf 84' lang='lat' dir='ltr'><strong>tur,</strong></span> <span class='ocrx_word' id='word_1_174' title='bbox 311 1551 353 1580; x_wconf 81' lang='lat' dir='ltr'><strong>iv.</strong></span> <span class='ocrx_word' id='word_1_175' title='bbox 369 1555 441 1581; x_wconf 84' lang='lat'><strong>133.</strong></span> <span class='ocrx_word' id='word_1_176' title='bbox 466 1553 677 1590; x_wconf 85' lang='lat' dir='ltr'><strong>expugnatur,</strong></span> <span class='ocrx_word' id='word_1_177' title='bbox 690 1558 720 1580; x_wconf 90' lang='lat' dir='ltr'><strong>v.</strong></span> <span class='ocrx_word' id='word_1_178' title='bbox 736 1554 788 1579; x_wconf 84' lang='grc'><strong>32.</strong></span> <span class='ocrx_word' id='word_1_179' title='bbox 810 1550 880 1580; x_wconf 87' lang='lat' dir='ltr'><strong>Pla-</strong></span> 
     </span>
     <span class='ocr_line' id='line_1_33' title="bbox 229 1592 880 1630; baseline -0.003 -7"><span class='ocrx_word' id='word_1_180' title='bbox 229 1594 398 1624; x_wconf 79' lang='lat' dir='ltr'><strong>taeensibus</strong></span> <span class='ocrx_word' id='word_1_181' title='bbox 414 1595 519 1630; x_wconf 87' lang='lat' dir='ltr'><strong>datur,</strong></span> <span class='ocrx_word' id='word_1_182' title='bbox 533 1593 609 1624; x_wconf 87' lang='lat' dir='ltr'>ibid.</span> <span class='ocrx_word' id='word_1_183' title='bbox 632 1592 761 1623; x_wconf 87' lang='lat' dir='ltr'><strong>Scionaei</strong></span> <span class='ocrx_word' id='word_1_184' title='bbox 782 1592 880 1622; x_wconf 88' lang='lat' dir='ltr'><strong>Pelle-</strong></span> 
     </span>
     <span class='ocr_line' id='line_1_34' title="bbox 231 1635 879 1676; baseline 0 -10"><span class='ocrx_word' id='word_1_185' title='bbox 231 1645 343 1666; x_wconf 86' lang='lat' dir='ltr'><strong>nenses</strong></span> <span class='ocrx_word' id='word_1_186' title='bbox 370 1646 410 1666; x_wconf 89' lang='lat' dir='ltr'><strong>ex</strong></span> <span class='ocrx_word' id='word_1_187' title='bbox 438 1636 649 1676; x_wconf 75' lang='lat' dir='ltr'><strong>Peloponneso</strong></span> <span class='ocrx_word' id='word_1_188' title='bbox 675 1635 811 1672; x_wconf 87' lang='lat' dir='ltr'><strong>oriundi,</strong></span> <span class='ocrx_word' id='word_1_189' title='bbox 838 1636 879 1666; x_wconf 79' lang='lat' dir='ltr'><strong>iv.</strong></span> 
     </span>
     <span class='ocr_line' id='line_1_35' title="bbox 233 1679 879 1710; baseline -0.002 -1"><span class='ocrx_word' id='word_1_190' title='bbox 233 1684 304 1710; x_wconf 90' lang='grc'><strong>120.</strong></span> <span class='ocrx_word' id='word_1_191' title='bbox 328 1679 492 1710; x_wconf 80' lang='lat' dir='ltr'><strong>Brasidam</strong></span> <span class='ocrx_word' id='word_1_192' title='bbox 518 1683 556 1709; x_wconf 89' lang='lat' dir='ltr'><strong>ut</strong></span> <span class='ocrx_word' id='word_1_193' title='bbox 581 1679 707 1710; x_wconf 82' lang='lat' dir='ltr'><strong>Graeciae</strong></span> <span class='ocrx_word' id='word_1_194' title='bbox 734 1679 879 1709; x_wconf 81' lang='lat' dir='ltr'><strong>liberato·</strong></span> 
     </span>
     <span class='ocr_line' id='line_1_36' title="bbox 229 1722 879 1760; baseline -0.002 -7"><span class='ocrx_word' id='word_1_195' title='bbox 229 1731 307 1760; x_wconf 87' lang='lat' dir='ltr'><strong>rem,</strong></span> <span class='ocrx_word' id='word_1_196' title='bbox 322 1732 418 1753; x_wconf 85' lang='lat' dir='ltr'><strong>aurea</strong></span> <span class='ocrx_word' id='word_1_197' title='bbox 433 1732 548 1752; x_wconf 86' lang='lat' dir='ltr'><strong>corona</strong></span> <span class='ocrx_word' id='word_1_198' title='bbox 564 1723 733 1758; x_wconf 83' lang='lat' dir='ltr'><strong>redimunt,</strong></span> <span class='ocrx_word' id='word_1_199' title='bbox 747 1722 787 1751; x_wconf 86' lang='lat' dir='ltr'><strong>iv.</strong></span> <span class='ocrx_word' id='word_1_200' title='bbox 809 1726 879 1752; x_wconf 83' lang='lat'><strong>121.</strong></span> 
     </span>
     <span class='ocr_line' id='line_1_37' title="bbox 228 1765 881 1805; baseline 0 -10"><span class='ocrx_word' id='word_1_201' title='bbox 228 1765 270 1795; x_wconf 82' lang='lat' dir='ltr'><strong>ab</strong></span> <span class='ocrx_word' id='word_1_202' title='bbox 284 1767 402 1796; x_wconf 84' lang='lat' dir='ltr'><strong>Athen.</strong></span> <span class='ocrx_word' id='word_1_203' title='bbox 415 1770 487 1805; x_wconf 84' lang='lat' dir='ltr'><strong>post</strong></span> <span class='ocrx_word' id='word_1_204' title='bbox 506 1765 596 1796; x_wconf 82' lang='lat' dir='ltr'><strong>urbis</strong></span> <span class='ocrx_word' id='word_1_205' title='bbox 618 1765 881 1804; x_wconf 82' lang='lat' dir='ltr'><strong>expugnationem</strong></span> 
     </span>
     <span class='ocr_line' id='line_1_38' title="bbox 229 1810 712 1846; baseline -0.002 -7"><span class='ocrx_word' id='word_1_206' title='bbox 229 1810 398 1839; x_wconf 83' lang='lat' dir='ltr'><strong>crudeliter</strong></span> <span class='ocrx_word' id='word_1_207' title='bbox 410 1811 601 1846; x_wconf 75' lang='lat' dir='ltr'><strong>tractantur,</strong></span> <span class='ocrx_word' id='word_1_208' title='bbox 614 1818 644 1838; x_wconf 83' lang='lat' dir='ltr'><strong>v.</strong></span> <span class='ocrx_word' id='word_1_209' title='bbox 659 1812 712 1838; x_wconf 87' lang='grc'><strong>32.</strong></span> 
     </span>
    </p>

    <p class='ocr_par' dir='ltr' id='par_1_15' title="bbox 187 1851 879 1924">
     <span class='ocr_line' id='line_1_39' title="bbox 187 1851 879 1888; baseline -0.003 -6"><span class='ocrx_word' id='word_1_210' title='bbox 187 1851 308 1882; x_wconf 78' lang='lat' dir='ltr'><strong>Sciritae</strong></span> <span class='ocrx_word' id='word_1_211' title='bbox 329 1852 439 1882; x_wconf 80' lang='lat' dir='ltr'><strong>Laced.</strong></span> <span class='ocrx_word' id='word_1_212' title='bbox 452 1861 482 1881; x_wconf 85' lang='lat' dir='ltr'><strong>v.</strong></span> <span class='ocrx_word' id='word_1_213' title='bbox 503 1854 558 1884; x_wconf 87' lang='grc'><strong>67.</strong></span> <span class='ocrx_word' id='word_1_214' title='bbox 572 1854 662 1881; x_wconf 82' lang='lat' dir='ltr'><strong>erant</strong></span> <span class='ocrx_word' id='word_1_215' title='bbox 685 1851 835 1888; x_wconf 77' lang='lat' dir='ltr'><strong>sexcenti,</strong></span> <span class='ocrx_word' id='word_1_216' title='bbox 848 1859 879 1880; x_wconf 82' lang='lat' dir='ltr'><strong>v.</strong></span> 
     </span>
     <span class='ocr_line' id='line_1_40' title="bbox 231 1897 285 1925; baseline 0 -1"><span class='ocrx_word' id='word_1_217' title='bbox 231 1897 285 1925; x_wconf 79' lang='lat'><strong>68.</strong></span> 
     </span>
    </p>

    <p class='ocr_par' dir='ltr' id='par_1_16' title="bbox 187 1979 879 2096">
     <span class='ocr_line' id='line_1_41' title="bbox 187 1979 879 2011; baseline -0.001 -1"><span class='ocrx_word' id='word_1_218' title='bbox 187 1981 361 2011; x_wconf 77' lang='lat' dir='ltr'><strong>Scironides</strong></span> <span class='ocrx_word' id='word_1_219' title='bbox 374 1981 438 2010; x_wconf 89' lang='lat' dir='ltr'><strong>dux</strong></span> <span class='ocrx_word' id='word_1_220' title='bbox 447 1981 566 2010; x_wconf 83' lang='lat' dir='ltr'><strong>Athen.</strong></span> <span class='ocrx_word' id='word_1_221' title='bbox 578 1981 618 2010; x_wconf 71' lang='lat' dir='ltr'><strong>sd</strong></span> <span class='ocrx_word' id='word_1_222' title='bbox 628 1979 774 2010; x_wconf 86' lang='lat' dir='ltr'><strong>Miletum</strong></span> <span class='ocrx_word' id='word_1_223' title='bbox 781 1979 879 2010; x_wconf 80' lang='lat' dir='ltr'><strong>vincit</strong></span> 
     </span>
     <span class='ocr_line' id='line_1_42' title="bbox 229 2023 878 2064; baseline -0.003 -10"><span class='ocrx_word' id='word_1_224' title='bbox 229 2024 336 2064; x_wconf 89' lang='lat' dir='ltr'><strong>Pelop.</strong></span> <span class='ocrx_word' id='word_1_225' title='bbox 347 2024 414 2053; x_wconf 84' lang='lat' dir='ltr'><strong>viii.</strong></span> <span class='ocrx_word' id='word_1_226' title='bbox 430 2027 481 2053; x_wconf 92' lang='grc'><strong>25.</strong></span> <span class='ocrx_word' id='word_1_227' title='bbox 503 2023 634 2063; x_wconf 86' lang='lat' dir='ltr'><strong>imperio</strong></span> <span class='ocrx_word' id='word_1_228' title='bbox 646 2023 800 2062; x_wconf 77' lang='lat' dir='ltr'><strong>privatur,</strong></span> <span class='ocrx_word' id='word_1_229' title='bbox 812 2023 878 2053; x_wconf 87' lang='lat' dir='ltr'><strong>viii.</strong></span> 
     </span>
     <span class='ocr_line' id='line_1_43' title="bbox 232 2071 284 2096; baseline 0 0"><span class='ocrx_word' id='word_1_230' title='bbox 232 2071 284 2096; x_wconf 75' lang='lat'><strong>⁵4.</strong></span> 
     </span>
    </p>

    <p class='ocr_par' dir='ltr' id='par_1_17' title="bbox 187 2107 879 2188">
     <span class='ocr_line' id='line_1_44' title="bbox 187 2107 879 2149; baseline -0.004 -9"><span class='ocrx_word' id='word_1_231' title='bbox 187 2108 393 2149; x_wconf 79' lang='lat' dir='ltr'><strong>Scirphondas</strong></span> <span class='ocrx_word' id='word_1_232' title='bbox 414 2108 596 2146; x_wconf 76' lang='lat' dir='ltr'><strong>Thebanus,</strong></span> <span class='ocrx_word' id='word_1_233' title='bbox 610 2117 630 2138; x_wconf 85' lang='lat' dir='ltr'><strong>a</strong></span> <span class='ocrx_word' id='word_1_234' title='bbox 642 2107 816 2139; x_wconf 74' lang='lat' dir='ltr'><strong>Thracibus</strong></span> <span class='ocrx_word' id='word_1_235' title='bbox 831 2107 879 2137; x_wconf 87' lang='lat' dir='ltr'><strong>in-</strong></span> 
     </span>
     <span class='ocr_line' id='line_1_45' title="bbox 229 2152 526 2188; baseline 0 -6"><span class='ocrx_word' id='word_1_236' title='bbox 229 2153 391 2188; x_wconf 75' lang='lat' dir='ltr'><strong>terfectus,</strong></span> <span class='ocrx_word' id='word_1_237' title='bbox 404 2152 459 2182; x_wconf 78' lang='lat' dir='ltr'><strong>vii.</strong></span> <span class='ocrx_word' id='word_1_238' title='bbox 473 2155 526 2182; x_wconf 81' lang='lat'><strong>30.</strong></span> 
     </span>
    </p>

    <p class='ocr_par' dir='ltr' id='par_1_18' title="bbox 186 2194 806 2231">
     <span class='ocr_line' id='line_1_46' title="bbox 186 2194 806 2231; baseline -0.002 -6"><span class='ocrx_word' id='word_1_239' title='bbox 186 2196 295 2225; x_wconf 86' lang='lat' dir='ltr'><strong>Scolus</strong></span> <span class='ocrx_word' id='word_1_240' title='bbox 309 2194 397 2231; x_wconf 85' lang='lat' dir='ltr'><strong>urbs,</strong></span> <span class='ocrx_word' id='word_1_241' title='bbox 411 2205 441 2224; x_wconf 88' lang='lat' dir='ltr'><strong>v.</strong></span> <span class='ocrx_word' id='word_1_242' title='bbox 458 2199 506 2224; x_wconf 90' lang='lat'><strong>18.</strong></span> <span class='ocrx_word' id='word_1_243' title='bbox 523 2194 592 2224; x_wconf 89' lang='lat' dir='ltr'><strong>vide</strong></span> <span class='ocrx_word' id='word_1_244' title='bbox 605 2194 710 2226; x_wconf 81' lang='lat' dir='ltr'><strong>Strab.</strong></span> <span class='ocrx_word' id='word_1_245' title='bbox 724 2195 745 2224; x_wconf 89' lang='lat' dir='ltr'><strong>l.</strong></span> <span class='ocrx_word' id='word_1_246' title='bbox 761 2194 806 2224; x_wconf 86' lang='lat' dir='ltr'><strong>ix.</strong></span> 
     </span>
    </p>

    <p class='ocr_par' dir='ltr' id='par_1_19' title="bbox 186 2238 556 2274">
     <span class='ocr_line' id='line_1_47' title="bbox 186 2238 556 2274; baseline -0.003 -6"><span class='ocrx_word' id='word_1_247' title='bbox 186 2239 326 2268; x_wconf 87' lang='lat' dir='ltr'><strong>Scomius</strong></span> <span class='ocrx_word' id='word_1_248' title='bbox 339 2247 440 2274; x_wconf 86' lang='lat' dir='ltr'><strong>mons,</strong></span> <span class='ocrx_word' id='word_1_249' title='bbox 454 2238 487 2267; x_wconf 93' lang='lat' dir='ltr'><strong>ii.</strong></span> <span class='ocrx_word' id='word_1_250' title='bbox 503 2240 556 2269; x_wconf 87' lang='grc'><strong>96.</strong></span> 
     </span>
    </p>

    <p class='ocr_par' dir='ltr' id='par_1_20' title="bbox 185 2280 878 2360">
     <span class='ocr_line' id='line_1_48' title="bbox 185 2280 878 2318; baseline -0.001 -7"><span class='ocrx_word' id='word_1_251' title='bbox 185 2282 296 2312; x_wconf 80' lang='lat' dir='ltr'><strong>Scriba</strong></span> <span class='ocrx_word' id='word_1_252' title='bbox 320 2280 477 2318; x_wconf 87' lang='lat' dir='ltr'><strong>publicus,</strong></span> <span class='ocrx_word' id='word_1_253' title='bbox 498 2280 553 2310; x_wconf 83' lang='lat' dir='ltr'><strong>vii.</strong></span> <span class='ocrx_word' id='word_1_254' title='bbox 579 2284 628 2310; x_wconf 88' lang='grc'><strong>10.</strong></span> <span class='ocrx_word' id='word_1_255' title='bbox 652 2280 756 2310; x_wconf 77' lang='lat' dir='ltr'><strong>scriba</strong></span> <span class='ocrx_word' id='word_1_256' title='bbox 774 2280 878 2310; x_wconf 85' lang='lat' dir='ltr'><strong>decem</strong></span> 
     </span>
     <span class='ocr_line' id='line_1_49' title="bbox 229 2323 635 2360; baseline -0.005 -5"><span class='ocrx_word' id='word_1_257' title='bbox 229 2323 365 2355; x_wconf 80' lang='lat' dir='ltr'><strong>Athenis</strong></span> <span class='ocrx_word' id='word_1_258' title='bbox 378 2324 489 2360; x_wconf 83' lang='lat' dir='ltr'><strong>creati,</strong></span> <span class='ocrx_word' id='word_1_259' title='bbox 503 2324 568 2354; x_wconf 81' lang='lat' dir='ltr'><strong>viii.</strong></span> <span class='ocrx_word' id='word_1_260' title='bbox 582 2327 635 2356; x_wconf 90' lang='lat'><strong>67.</strong></span> 
     </span>
    </p>

    <p class='ocr_par' dir='ltr' id='par_1_21' title="bbox 186 2364 795 2406">
     <span class='ocr_line' id='line_1_50' title="bbox 186 2364 795 2406; baseline -0.002 -10"><span class='ocrx_word' id='word_1_261' title='bbox 186 2368 361 2406; x_wconf 77' lang='lat' dir='ltr'><strong>Scylloeum,</strong></span> <span class='ocrx_word' id='word_1_262' title='bbox 375 2375 406 2396; x_wconf 85' lang='lat' dir='ltr'><strong>v.</strong></span> <span class='ocrx_word' id='word_1_263' title='bbox 422 2370 475 2396; x_wconf 83' lang='lat'><strong>58.</strong></span> <span class='ocrx_word' id='word_1_264' title='bbox 489 2367 558 2396; x_wconf 80' lang='lat' dir='ltr'><strong>vide</strong></span> <span class='ocrx_word' id='word_1_265' title='bbox 571 2366 674 2396; x_wconf 79' lang='lat' dir='ltr'><strong>Strab.</strong></span> <span class='ocrx_word' id='word_1_266' title='bbox 687 2366 711 2396; x_wconf 89' lang='lat' dir='ltr'><strong>l.</strong></span> <span class='ocrx_word' id='word_1_267' title='bbox 725 2364 795 2396; x_wconf 78' lang='lat' dir='ltr'><strong>viii.</strong></span> 
     </span>
    </p>

    <p class='ocr_par' dir='ltr' id='par_1_22' title="bbox 186 2407 877 2531">
     <span class='ocr_line' id='line_1_51' title="bbox 186 2407 877 2449; baseline -0.004 -9"><span class='ocrx_word' id='word_1_268' title='bbox 186 2410 298 2449; x_wconf 79' lang='lat' dir='ltr'><strong>Scyrus</strong></span> <span class='ocrx_word' id='word_1_269' title='bbox 321 2409 426 2438; x_wconf 73' lang='lat' dir='ltr'><strong>insula</strong></span> <span class='ocrx_word' id='word_1_270' title='bbox 449 2409 490 2438; x_wconf 81' lang='lat' dir='ltr'><strong>ab</strong></span> <span class='ocrx_word' id='word_1_271' title='bbox 514 2410 630 2439; x_wconf 86' lang='lat' dir='ltr'><strong>Athen.</strong></span> <span class='ocrx_word' id='word_1_272' title='bbox 657 2412 749 2448; x_wconf 69' lang='lat' dir='ltr'><strong>captu.</strong></span> <span class='ocrx_word' id='word_1_273' title='bbox 773 2411 806 2438; x_wconf 83' lang='lat' dir='ltr'><strong>et</strong></span> <span class='ocrx_word' id='word_1_274' title='bbox 831 2407 877 2437; x_wconf 77' lang='lat' dir='ltr'><strong>di-</strong></span> 
     </span>
     <span class='ocr_line' id='line_1_52' title="bbox 229 2451 879 2492; baseline -0.003 -10"><span class='ocrx_word' id='word_1_275' title='bbox 229 2455 332 2492; x_wconf 81' lang='lat' dir='ltr'><strong>repta,</strong></span> <span class='ocrx_word' id='word_1_276' title='bbox 347 2452 368 2481; x_wconf 92' lang='lat' dir='ltr'><strong>i.</strong></span> <span class='ocrx_word' id='word_1_277' title='bbox 382 2456 435 2483; x_wconf 86' lang='lat'><strong>98.</strong></span> <span class='ocrx_word' id='word_1_278' title='bbox 448 2452 518 2482; x_wconf 81' lang='lat' dir='ltr'><strong>vide</strong></span> <span class='ocrx_word' id='word_1_279' title='bbox 539 2452 642 2483; x_wconf 75' lang='lat' dir='ltr'><strong>strab.</strong></span> <span class='ocrx_word' id='word_1_280' title='bbox 664 2453 685 2482; x_wconf 90' lang='lat' dir='ltr'><strong>l.</strong></span> <span class='ocrx_word' id='word_1_281' title='bbox 699 2452 741 2482; x_wconf 87' lang='lat' dir='ltr'><strong>ix.</strong></span> <span class='ocrx_word' id='word_1_282' title='bbox 763 2454 796 2480; x_wconf 73' lang='lat' dir='ltr'><strong>st</strong></span> <span class='ocrx_word' id='word_1_283' title='bbox 816 2451 879 2481; x_wconf 87' lang='lat' dir='ltr'><strong>Pli-</strong></span> 
     </span>
     <span class='ocr_line' id='line_1_53' title="bbox 229 2494 420 2531; baseline -0.005 -6"><span class='ocrx_word' id='word_1_284' title='bbox 229 2495 332 2531; x_wconf 89' lang='lat' dir='ltr'><strong>nium,</strong></span> <span class='ocrx_word' id='word_1_285' title='bbox 341 2494 364 2524; x_wconf 92' lang='grc'><strong>1.</strong></span> <span class='ocrx_word' id='word_1_286' title='bbox 378 2494 420 2524; x_wconf 84' lang='lat' dir='ltr'><strong>iv.</strong></span> 
     </span>
    </p>

    <p class='ocr_par' dir='ltr' id='par_1_23' title="bbox 186 2537 879 2618">
     <span class='ocr_line' id='line_1_54' title="bbox 186 2537 879 2578; baseline -0.006 -9"><span class='ocrx_word' id='word_1_287' title='bbox 186 2538 317 2577; x_wconf 79' lang='lat' dir='ltr'><strong>Scythae,</strong></span> <span class='ocrx_word' id='word_1_288' title='bbox 340 2537 373 2567; x_wconf 88' lang='lat' dir='ltr'><strong>ii.</strong></span> <span class='ocrx_word' id='word_1_289' title='bbox 395 2540 448 2569; x_wconf 85' lang='lat'><strong>96.</strong></span> <span class='ocrx_word' id='word_1_290' title='bbox 470 2547 578 2567; x_wconf 84' lang='lat' dir='ltr'><strong>eorum</strong></span> <span class='ocrx_word' id='word_1_291' title='bbox 599 2537 741 2578; x_wconf 71' lang='lat' dir='ltr'><strong>potentia</strong></span> <span class='ocrx_word' id='word_1_292' title='bbox 761 2539 879 2576; x_wconf 78' lang='lat' dir='ltr'><strong>quanta</strong></span> 
     </span>
     <span class='ocr_line' id='line_1_55' title="bbox 230 2580 406 2618; baseline 0 -8"><span class='ocrx_word' id='word_1_293' title='bbox 230 2581 316 2618; x_wconf 92' lang='lat' dir='ltr'><strong>olim,</strong></span> <span class='ocrx_word' id='word_1_294' title='bbox 330 2580 406 2610; x_wconf 85' lang='lat' dir='ltr'><strong>ibid.</strong></span> 
     </span>
    </p>

    <p class='ocr_par' dir='ltr' id='par_1_24' title="bbox 187 2622 880 2746">
     <span class='ocr_line' id='line_1_56' title="bbox 187 2622 880 2663; baseline -0.004 -9"><span class='ocrx_word' id='word_1_295' title='bbox 187 2624 304 2654; x_wconf 84' lang='lat' dir='ltr'><strong>Seditio</strong></span> <span class='ocrx_word' id='word_1_296' title='bbox 325 2622 408 2663; x_wconf 89' lang='lat' dir='ltr'><strong>apud</strong></span> <span class='ocrx_word' id='word_1_297' title='bbox 430 2623 643 2662; x_wconf 73' lang='lat' dir='ltr'><strong>Epidamnios,</strong></span> <span class='ocrx_word' id='word_1_298' title='bbox 657 2623 678 2652; x_wconf 91' lang='lat' dir='ltr'><strong>i.</strong></span> <span class='ocrx_word' id='word_1_299' title='bbox 692 2626 744 2652; x_wconf 84' lang='grc'><strong>24.</strong></span> <span class='ocrx_word' id='word_1_300' title='bbox 758 2625 790 2651; x_wconf 89' lang='lat' dir='ltr'><strong>et</strong></span> <span class='ocrx_word' id='word_1_301' title='bbox 803 2622 880 2652; x_wconf 89' lang='lat' dir='ltr'><strong>Cor-</strong></span> 
     </span>
     <span class='ocr_line' id='line_1_57' title="bbox 230 2666 879 2706; baseline -0.002 -10"><span class='ocrx_word' id='word_1_302' title='bbox 230 2675 355 2704; x_wconf 76' lang='lat' dir='ltr'><strong>cyraeos,</strong></span> <span class='ocrx_word' id='word_1_303' title='bbox 370 2666 416 2695; x_wconf 87' lang='lat' dir='ltr'><strong>iii.</strong></span> <span class='ocrx_word' id='word_1_304' title='bbox 430 2668 482 2706; x_wconf 83' lang='lat'><strong>69.</strong></span> <span class='ocrx_word' id='word_1_305' title='bbox 495 2671 545 2696; x_wconf 92' lang='grc'><strong>81.</strong></span> <span class='ocrx_word' id='word_1_306' title='bbox 561 2667 601 2696; x_wconf 74' lang='lat' dir='ltr'><strong>iv.</strong></span> <span class='ocrx_word' id='word_1_307' title='bbox 615 2670 667 2695; x_wconf 88' lang='grc'><strong>48.</strong></span> <span class='ocrx_word' id='word_1_308' title='bbox 681 2669 714 2694; x_wconf 86' lang='lat' dir='ltr'><strong>et</strong></span> <span class='ocrx_word' id='word_1_309' title='bbox 727 2674 782 2704; x_wconf 88' lang='lat' dir='ltr'><strong>per</strong></span> <span class='ocrx_word' id='word_1_310' title='bbox 794 2666 879 2695; x_wconf 77' lang='lat' dir='ltr'><strong>Grae-</strong></span> 
     </span>
     <span class='ocr_line' id='line_1_58' title="bbox 230 2708 840 2746; baseline -0.002 -8"><span class='ocrx_word' id='word_1_311' title='bbox 230 2710 324 2745; x_wconf 85' lang='lat' dir='ltr'><strong>ciam,</strong></span> <span class='ocrx_word' id='word_1_312' title='bbox 338 2711 370 2737; x_wconf 92' lang='lat' dir='ltr'><strong>et</strong></span> <span class='ocrx_word' id='word_1_313' title='bbox 383 2708 454 2738; x_wconf 87' lang='lat' dir='ltr'><strong>inde</strong></span> <span class='ocrx_word' id='word_1_314' title='bbox 470 2712 548 2738; x_wconf 79' lang='lat' dir='ltr'><strong>nata</strong></span> <span class='ocrx_word' id='word_1_315' title='bbox 559 2709 652 2745; x_wconf 77' lang='lat' dir='ltr'><strong>mala,</strong></span> <span class='ocrx_word' id='word_1_316' title='bbox 667 2708 712 2738; x_wconf 89' lang='lat' dir='ltr'><strong>iii.</strong></span> <span class='ocrx_word' id='word_1_317' title='bbox 729 2713 781 2745; x_wconf 81' lang='grc'><strong>82,</strong></span> <span class='ocrx_word' id='word_1_318' title='bbox 795 2717 840 2746; x_wconf 87' lang='lat' dir='ltr'><strong>sq.</strong></span> 
     </span>
    </p>

    <p class='ocr_par' dir='ltr' id='par_1_25' title="bbox 186 2751 879 2919">
     <span class='ocr_line' id='line_1_59' title="bbox 186 2751 879 2790; baseline -0.003 -8"><span class='ocrx_word' id='word_1_319' title='bbox 186 2752 311 2785; x_wconf 80' lang='lat' dir='ltr'><strong>Selinus</strong></span> <span class='ocrx_word' id='word_1_320' title='bbox 333 2751 420 2788; x_wconf 86' lang='lat' dir='ltr'><strong>urbs,</strong></span> <span class='ocrx_word' id='word_1_321' title='bbox 435 2752 476 2781; x_wconf 81' lang='lat' dir='ltr'><strong>vi.</strong></span> <span class='ocrx_word' id='word_1_322' title='bbox 490 2758 524 2782; x_wconf 81' lang='grc'><strong>4.</strong></span> <span class='ocrx_word' id='word_1_323' title='bbox 540 2752 593 2782; x_wconf 83' lang='lat' dir='ltr'><strong>vii.</strong></span> <span class='ocrx_word' id='word_1_324' title='bbox 609 2755 659 2781; x_wconf 81' lang='lat'><strong>50.</strong></span> <span class='ocrx_word' id='word_1_325' title='bbox 674 2751 796 2790; x_wconf 87' lang='lat' dir='ltr'><strong>quando</strong></span> <span class='ocrx_word' id='word_1_326' title='bbox 814 2755 846 2780; x_wconf 86' lang='lat' dir='ltr'><strong>et</strong></span> <span class='ocrx_word' id='word_1_327' title='bbox 859 2760 879 2780; x_wconf 83' lang='lat' dir='ltr'><strong>a.</strong></span> 
     </span>
     <span class='ocr_line' id='line_1_60' title="bbox 230 2793 878 2833; baseline -0.002 -9"><span class='ocrx_word' id='word_1_328' title='bbox 230 2803 294 2833; x_wconf 87' lang='lat' dir='ltr'><strong>quo</strong></span> <span class='ocrx_word' id='word_1_329' title='bbox 306 2794 444 2830; x_wconf 79' lang='lat' dir='ltr'><strong>condita,</strong></span> <span class='ocrx_word' id='word_1_330' title='bbox 457 2795 499 2824; x_wconf 85' lang='lat' dir='ltr'><strong>vi.</strong></span> <span class='ocrx_word' id='word_1_331' title='bbox 513 2798 544 2824; x_wconf 86' lang='grc'><strong>4.</strong></span> <span class='ocrx_word' id='word_1_332' title='bbox 558 2795 627 2824; x_wconf 87' lang='lat' dir='ltr'><strong>vide</strong></span> <span class='ocrx_word' id='word_1_333' title='bbox 643 2795 781 2824; x_wconf 80' lang='lat' dir='ltr'><strong>Cluverii</strong></span> <span class='ocrx_word' id='word_1_334' title='bbox 795 2793 878 2823; x_wconf 88' lang='lat' dir='ltr'><strong>Sicil.</strong></span> 
     </span>
     <span class='ocr_line' id='line_1_61' title="bbox 216 2837 878 2876; baseline -0.005 -9"><span class='ocrx_word' id='word_1_335' title='bbox 216 2846 263 2876; x_wconf 67' lang='grc' dir='ltr'><strong>,μ</strong></span> <span class='ocrx_word' id='word_1_336' title='bbox 285 2840 359 2873; x_wconf 84' lang='grc'><strong>225,</strong></span> <span class='ocrx_word' id='word_1_337' title='bbox 380 2838 436 2866; x_wconf 72' lang='grc' dir='ltr'><strong>διε.</strong></span> <span class='ocrx_word' id='word_1_338' title='bbox 479 2837 646 2867; x_wconf 85' lang='lat' dir='ltr'><strong>Selinuntii</strong></span> <span class='ocrx_word' id='word_1_339' title='bbox 668 2837 878 2876; x_wconf 74' lang='lat' dir='ltr'><strong>Megarenses,</strong></span> 
     </span>
     <span class='ocr_line' id='line_1_62' title="bbox 232 2878 878 2919; baseline 0.002 -9"><span class='ocrx_word' id='word_1_340' title='bbox 232 2880 286 2912; x_wconf 80' lang='lat' dir='ltr'><strong>vii.</strong></span> <span class='ocrx_word' id='word_1_341' title='bbox 308 2883 361 2912; x_wconf 69' lang='lat'><strong>57.</strong></span> <span class='ocrx_word' id='word_1_342' title='bbox 385 2878 441 2911; x_wconf 76' lang='lat' dir='ltr'><strong>ubi</strong></span> <span class='ocrx_word' id='word_1_343' title='bbox 469 2880 624 2919; x_wconf 79' lang='lat' dir='ltr'><strong>habitent,</strong></span> <span class='ocrx_word' id='word_1_344' title='bbox 646 2880 701 2911; x_wconf 79' lang='lat' dir='ltr'><strong>vii.</strong></span> <span class='ocrx_word' id='word_1_345' title='bbox 730 2884 782 2911; x_wconf 83' lang='grc'><strong>58.</strong></span> <span class='ocrx_word' id='word_1_346' title='bbox 807 2888 878 2911; x_wconf 81' lang='lat' dir='ltr'><strong>cum</strong></span> 
     </span>
    </p>
   </div>
   <div class='ocr_carea' id='block_1_5' title="bbox 920 256 1618 2920">
    <p class='ocr_par' dir='ltr' id='par_1_26' title="bbox 967 256 1486 298">
     <span class='ocr_line' id='line_1_63' title="bbox 967 256 1486 298; baseline 0.006 -10"><span class='ocrx_word' id='word_1_347' title='bbox 967 256 1117 297; x_wconf 69' lang='lat' dir='ltr'><strong>Egesta-,is</strong></span> <span class='ocrx_word' id='word_1_348' title='bbox 1130 256 1246 287; x_wconf 87' lang='lat' dir='ltr'><strong>bellum</strong></span> <span class='ocrx_word' id='word_1_349' title='bbox 1259 258 1385 298; x_wconf 80' lang='lat' dir='ltr'><strong>gerunt,</strong></span> <span class='ocrx_word' id='word_1_350' title='bbox 1399 258 1440 290; x_wconf 86' lang='lat' dir='ltr'><strong>iv.</strong></span> <span class='ocrx_word' id='word_1_351' title='bbox 1455 257 1486 290; x_wconf 74' lang='lat'><strong>6.</strong></span> 
     </span>
    </p>

    <p class='ocr_par' dir='ltr' id='par_1_27' title="bbox 925 300 1618 469">
     <span class='ocr_line' id='line_1_64' title="bbox 925 300 1618 340; baseline 0 -8"><span class='ocrx_word' id='word_1_352' title='bbox 925 301 1058 332; x_wconf 86' lang='lat' dir='ltr'><strong>Senatus</strong></span> <span class='ocrx_word' id='word_1_353' title='bbox 1080 300 1159 330; x_wconf 79' lang='lat' dir='ltr'><strong>fabae</strong></span> <span class='ocrx_word' id='word_1_354' title='bbox 1179 301 1263 340; x_wconf 79' lang='lat' dir='ltr'><strong>apud</strong></span> <span class='ocrx_word' id='word_1_355' title='bbox 1283 302 1399 332; x_wconf 83' lang='lat' dir='ltr'><strong>Athen.</strong></span> <span class='ocrx_word' id='word_1_356' title='bbox 1411 303 1477 333; x_wconf 84' lang='lat' dir='ltr'><strong>viii.</strong></span> <span class='ocrx_word' id='word_1_357' title='bbox 1491 300 1544 333; x_wconf 78' lang='grc'><strong>66.</strong></span> <span class='ocrx_word' id='word_1_358' title='bbox 1558 300 1618 332; x_wconf 59' lang='lat' dir='ltr'><strong>im!</strong></span> 
     </span>
     <span class='ocr_line' id='line_1_65' title="bbox 967 343 1618 384; baseline 0.003 -12"><span class='ocrx_word' id='word_1_359' title='bbox 967 345 1055 383; x_wconf 88' lang='lat' dir='ltr'><strong>perio</strong></span> <span class='ocrx_word' id='word_1_360' title='bbox 1068 344 1206 381; x_wconf 84' lang='lat' dir='ltr'><strong>dejectus</strong></span> <span class='ocrx_word' id='word_1_361' title='bbox 1219 343 1259 373; x_wconf 82' lang='lat' dir='ltr'><strong>ab</strong></span> <span class='ocrx_word' id='word_1_362' title='bbox 1272 343 1476 384; x_wconf 78' lang='lat' dir='ltr'><strong>oligarchicis,</strong></span> <span class='ocrx_word' id='word_1_363' title='bbox 1487 345 1551 375; x_wconf 84' lang='lat' dir='ltr'><strong>viii.</strong></span> <span class='ocrx_word' id='word_1_364' title='bbox 1561 349 1618 382; x_wconf 80' lang='grc'><strong>70,</strong></span> 
     </span>
     <span class='ocr_line' id='line_1_66' title="bbox 968 387 1617 425; baseline 0.002 -9"><span class='ocrx_word' id='word_1_365' title='bbox 968 396 1013 425; x_wconf 92' lang='lat' dir='ltr'><strong>sq.</strong></span> <span class='ocrx_word' id='word_1_366' title='bbox 1041 387 1146 417; x_wconf 85' lang='lat' dir='ltr'><strong>Senat.</strong></span> <span class='ocrx_word' id='word_1_367' title='bbox 1169 390 1303 425; x_wconf 88' lang='lat' dir='ltr'><strong>quatuor</strong></span> <span class='ocrx_word' id='word_1_368' title='bbox 1328 389 1510 419; x_wconf 75' lang='lat' dir='ltr'><strong>Boeotorum</strong></span> <span class='ocrx_word' id='word_1_369' title='bbox 1533 397 1617 417; x_wconf 89' lang='lat' dir='ltr'><strong>sum-</strong></span> 
     </span>
     <span class='ocr_line' id='line_1_67' title="bbox 967 430 1501 469; baseline 0.006 -10"><span class='ocrx_word' id='word_1_370' title='bbox 967 439 1049 459; x_wconf 88' lang='lat' dir='ltr'><strong>mam</strong></span> <span class='ocrx_word' id='word_1_371' title='bbox 1064 433 1250 469; x_wconf 86' lang='lat' dir='ltr'><strong>potestatem</strong></span> <span class='ocrx_word' id='word_1_372' title='bbox 1265 430 1394 468; x_wconf 86' lang='lat' dir='ltr'><strong>habent,</strong></span> <span class='ocrx_word' id='word_1_373' title='bbox 1406 441 1436 461; x_wconf 84' lang='lat' dir='ltr'><strong>v.</strong></span> <span class='ocrx_word' id='word_1_374' title='bbox 1448 435 1501 462; x_wconf 79' lang='lat'><strong>38.</strong></span> 
     </span>
    </p>

    <p class='ocr_par' dir='ltr' id='par_1_28' title="bbox 925 472 1618 770">
     <span class='ocr_line' id='line_1_68' title="bbox 925 472 1616 513; baseline 0 -10"><span class='ocrx_word' id='word_1_375' title='bbox 925 472 1099 512; x_wconf 89' lang='lat' dir='ltr'><strong>Sepeliendi</strong></span> <span class='ocrx_word' id='word_1_376' title='bbox 1120 473 1206 502; x_wconf 73' lang='lat' dir='ltr'><strong>nefas</strong></span> <span class='ocrx_word' id='word_1_377' title='bbox 1222 474 1254 502; x_wconf 92' lang='lat' dir='ltr'><strong>in</strong></span> <span class='ocrx_word' id='word_1_378' title='bbox 1263 483 1342 513; x_wconf 19' lang='lat' dir='ltr'><strong>*agro</strong></span> <span class='ocrx_word' id='word_1_379' title='bbox 1357 474 1464 504; x_wconf 83' lang='lat' dir='ltr'><strong>Attico</strong></span> <span class='ocrx_word' id='word_1_380' title='bbox 1485 474 1616 512; x_wconf 75' lang='lat' dir='ltr'><strong>sepelir·</strong></span> 
     </span>
     <span class='ocr_line' id='line_1_69' title="bbox 967 516 1618 556; baseline 0 -11"><span class='ocrx_word' id='word_1_381' title='bbox 967 516 1150 555; x_wconf 84' lang='lat' dir='ltr'><strong>proditionis</strong></span> <span class='ocrx_word' id='word_1_382' title='bbox 1173 525 1252 552; x_wconf 87' lang='lat' dir='ltr'><strong>reos,</strong></span> <span class='ocrx_word' id='word_1_383' title='bbox 1266 517 1287 546; x_wconf 90' lang='lat' dir='ltr'><strong>i.</strong></span> <span class='ocrx_word' id='word_1_384' title='bbox 1305 521 1376 547; x_wconf 86' lang='grc'><strong>138.</strong></span> <span class='ocrx_word' id='word_1_385' title='bbox 1390 517 1566 556; x_wconf 83' lang='lat' dir='ltr'><strong>sepulcrum</strong></span> <span class='ocrx_word' id='word_1_386' title='bbox 1579 517 1618 545; x_wconf 86' lang='lat' dir='ltr'><strong>il-</strong></span> 
     </span>
     <span class='ocr_line' id='line_1_70' title="bbox 966 559 1615 599; baseline 0 -11"><span class='ocrx_word' id='word_1_387' title='bbox 966 559 1111 588; x_wconf 88' lang='lat' dir='ltr'><strong>lustrium</strong></span> <span class='ocrx_word' id='word_1_388' title='bbox 1129 559 1265 588; x_wconf 83' lang='lat' dir='ltr'><strong>virorum</strong></span> <span class='ocrx_word' id='word_1_389' title='bbox 1282 560 1362 599; x_wconf 91' lang='lat' dir='ltr'><strong>quod</strong></span> <span class='ocrx_word' id='word_1_390' title='bbox 1377 569 1442 590; x_wconf 87' lang='lat' dir='ltr'><strong>esse</strong></span> <span class='ocrx_word' id='word_1_391' title='bbox 1455 560 1564 595; x_wconf 82' lang='lat' dir='ltr'><strong>soleat,</strong></span> <span class='ocrx_word' id='word_1_392' title='bbox 1578 560 1615 589; x_wconf 80' lang='lat' dir='ltr'><strong>ii.</strong></span> 
     </span>
     <span class='ocr_line' id='line_1_71' title="bbox 968 603 1616 641; baseline 0.002 -10"><span class='ocrx_word' id='word_1_393' title='bbox 968 607 1019 632; x_wconf 76' lang='lat'><strong>43.</strong></span> <span class='ocrx_word' id='word_1_394' title='bbox 1035 603 1202 641; x_wconf 83' lang='lat' dir='ltr'><strong>sepulturae</strong></span> <span class='ocrx_word' id='word_1_395' title='bbox 1218 603 1338 639; x_wconf 91' lang='lat' dir='ltr'><strong>modus,</strong></span> <span class='ocrx_word' id='word_1_396' title='bbox 1354 612 1415 641; x_wconf 85' lang='lat' dir='ltr'><strong>quo</strong></span> <span class='ocrx_word' id='word_1_397' title='bbox 1429 603 1546 632; x_wconf 85' lang='lat' dir='ltr'><strong>Athen.</strong></span> <span class='ocrx_word' id='word_1_398' title='bbox 1558 603 1616 632; x_wconf 90' lang='lat' dir='ltr'><strong>hu-</strong></span> 
     </span>
     <span class='ocr_line' id='line_1_72' title="bbox 968 645 1616 684; baseline 0.002 -10"><span class='ocrx_word' id='word_1_399' title='bbox 968 648 1096 675; x_wconf 89' lang='lat' dir='ltr'><strong>marunt</strong></span> <span class='ocrx_word' id='word_1_400' title='bbox 1117 655 1180 681; x_wconf 92' lang='lat' dir='ltr'><strong>eos,</strong></span> <span class='ocrx_word' id='word_1_401' title='bbox 1196 646 1250 684; x_wconf 90' lang='lat' dir='ltr'><strong>qui</strong></span> <span class='ocrx_word' id='word_1_402' title='bbox 1263 646 1357 684; x_wconf 89' lang='lat' dir='ltr'><strong>primi</strong></span> <span class='ocrx_word' id='word_1_403' title='bbox 1371 647 1404 675; x_wconf 90' lang='lat' dir='ltr'><strong>in</strong></span> <span class='ocrx_word' id='word_1_404' title='bbox 1417 646 1499 675; x_wconf 87' lang='lat' dir='ltr'><strong>bello</strong></span> <span class='ocrx_word' id='word_1_405' title='bbox 1510 645 1616 684; x_wconf 80' lang='lat' dir='ltr'><strong>Pelop.</strong></span> 
     </span>
     <span class='ocr_line' id='line_1_73' title="bbox 967 688 1616 727; baseline 0 -10"><span class='ocrx_word' id='word_1_406' title='bbox 967 692 1098 718; x_wconf 87' lang='lat' dir='ltr'><strong>mortem</strong></span> <span class='ocrx_word' id='word_1_407' title='bbox 1122 689 1280 725; x_wconf 87' lang='lat' dir='ltr'><strong>obierunt,</strong></span> <span class='ocrx_word' id='word_1_408' title='bbox 1308 690 1342 718; x_wconf 92' lang='lat' dir='ltr'><strong>ii.</strong></span> <span class='ocrx_word' id='word_1_409' title='bbox 1368 693 1420 720; x_wconf 84' lang='grc'><strong>34.</strong></span> <span class='ocrx_word' id='word_1_410' title='bbox 1448 688 1616 727; x_wconf 71' lang='lat' dir='ltr'><strong>sepulture</strong></span> 
     </span>
     <span class='ocr_line' id='line_1_74' title="bbox 967 731 1537 770; baseline 0.002 -10"><span class='ocrx_word' id='word_1_411' title='bbox 967 731 1019 761; x_wconf 89' lang='lat' dir='ltr'><strong>lex</strong></span> <span class='ocrx_word' id='word_1_412' title='bbox 1032 732 1149 761; x_wconf 76' lang='lat' dir='ltr'><strong>violata</strong></span> <span class='ocrx_word' id='word_1_413' title='bbox 1164 732 1196 762; x_wconf 90' lang='lat' dir='ltr'><strong>in</strong></span> <span class='ocrx_word' id='word_1_414' title='bbox 1209 737 1296 770; x_wconf 84' lang='lat' dir='ltr'><strong>peste</strong></span> <span class='ocrx_word' id='word_1_415' title='bbox 1308 732 1425 762; x_wconf 86' lang='lat' dir='ltr'><strong>Athen.</strong></span> <span class='ocrx_word' id='word_1_416' title='bbox 1438 732 1470 761; x_wconf 89' lang='lat' dir='ltr'><strong>ii.</strong></span> <span class='ocrx_word' id='word_1_417' title='bbox 1485 735 1537 761; x_wconf 88' lang='lat'><strong>51.</strong></span> 
     </span>
    </p>

    <p class='ocr_par' dir='ltr' id='par_1_29' title="bbox 926 774 1616 813">
     <span class='ocr_line' id='line_1_75' title="bbox 926 774 1616 813; baseline 0.001 -10"><span class='ocrx_word' id='word_1_418' title='bbox 926 774 1079 813; x_wconf 86' lang='lat' dir='ltr'><strong>Sermylii,</strong></span> <span class='ocrx_word' id='word_1_419' title='bbox 1090 784 1118 804; x_wconf 82' lang='lat' dir='ltr'><strong>v.</strong></span> <span class='ocrx_word' id='word_1_420' title='bbox 1134 779 1182 805; x_wconf 88' lang='lat'><strong>18.</strong></span> <span class='ocrx_word' id='word_1_421' title='bbox 1200 775 1419 813; x_wconf 85' lang='lat' dir='ltr'><strong>Sermyliorum</strong></span> <span class='ocrx_word' id='word_1_422' title='bbox 1432 774 1520 812; x_wconf 82' lang='lat' dir='ltr'><strong>urbs,</strong></span> <span class='ocrx_word' id='word_1_423' title='bbox 1531 774 1552 804; x_wconf 90' lang='lat' dir='ltr'><strong>i.</strong></span> <span class='ocrx_word' id='word_1_424' title='bbox 1563 776 1616 804; x_wconf 79' lang='lat'><strong>65.</strong></span> 
     </span>
    </p>

    <p class='ocr_par' dir='ltr' id='par_1_30' title="bbox 925 817 1616 942">
     <span class='ocr_line' id='line_1_76' title="bbox 925 817 1616 848; baseline -0.003 0"><span class='ocrx_word' id='word_1_425' title='bbox 925 817 1012 848; x_wconf 84' lang='lat' dir='ltr'><strong>Servi</strong></span> <span class='ocrx_word' id='word_1_426' title='bbox 1044 817 1153 847; x_wconf 84' lang='lat' dir='ltr'><strong>Laced.</strong></span> <span class='ocrx_word' id='word_1_427' title='bbox 1179 817 1249 847; x_wconf 87' lang='lat' dir='ltr'><strong>vide</strong></span> <span class='ocrx_word' id='word_1_428' title='bbox 1280 818 1423 848; x_wconf 85' lang='lat' dir='ltr'><strong>Helotes.</strong></span> <span class='ocrx_word' id='word_1_429' title='bbox 1458 826 1616 847; x_wconf 82' lang='lat' dir='ltr'><strong>servorum</strong></span> 
     </span>
     <span class='ocr_line' id='line_1_77' title="bbox 966 860 1616 899; baseline -0.002 -9"><span class='ocrx_word' id='word_1_430' title='bbox 966 860 1135 890; x_wconf 82' lang='lat' dir='ltr'><strong>multitudo</strong></span> <span class='ocrx_word' id='word_1_431' title='bbox 1161 860 1244 899; x_wconf 89' lang='lat' dir='ltr'><strong>apud</strong></span> <span class='ocrx_word' id='word_1_432' title='bbox 1270 861 1376 897; x_wconf 85' lang='lat' dir='ltr'><strong>Chios,</strong></span> <span class='ocrx_word' id='word_1_433' title='bbox 1404 861 1471 892; x_wconf 84' lang='lat' dir='ltr'><strong>viii.</strong></span> <span class='ocrx_word' id='word_1_434' title='bbox 1500 864 1554 891; x_wconf 82' lang='lat'><strong>40.</strong></span> <span class='ocrx_word' id='word_1_435' title='bbox 1582 863 1616 889; x_wconf 88' lang='lat' dir='ltr'><strong>et</strong></span> 
     </span>
     <span class='ocr_line' id='line_1_78' title="bbox 965 903 1417 942; baseline 0.004 -10"><span class='ocrx_word' id='word_1_436' title='bbox 965 904 1049 942; x_wconf 87' lang='lat' dir='ltr'><strong>apud</strong></span> <span class='ocrx_word' id='word_1_437' title='bbox 1060 903 1281 940; x_wconf 79' lang='lat' dir='ltr'><strong>Athenienses,</strong></span> <span class='ocrx_word' id='word_1_438' title='bbox 1294 905 1348 934; x_wconf 83' lang='lat' dir='ltr'><strong>vii.</strong></span> <span class='ocrx_word' id='word_1_439' title='bbox 1362 909 1417 936; x_wconf 90' lang='grc'><strong>27.</strong></span> 
     </span>
    </p>

    <p class='ocr_par' dir='ltr' id='par_1_31' title="bbox 924 945 1617 1106">
     <span class='ocr_line' id='line_1_79' title="bbox 924 945 1617 983; baseline -0.001 -7"><span class='ocrx_word' id='word_1_440' title='bbox 924 946 1030 976; x_wconf 82' lang='lat' dir='ltr'><strong>Sestus</strong></span> <span class='ocrx_word' id='word_1_441' title='bbox 1051 946 1106 975; x_wconf 90' lang='lat' dir='ltr'><strong>ubi</strong></span> <span class='ocrx_word' id='word_1_442' title='bbox 1132 946 1206 983; x_wconf 78' lang='lat' dir='ltr'><strong>sita,</strong></span> <span class='ocrx_word' id='word_1_443' title='bbox 1227 947 1293 976; x_wconf 82' lang='lat' dir='ltr'><strong>viii.</strong></span> <span class='ocrx_word' id='word_1_444' title='bbox 1319 949 1372 976; x_wconf 86' lang='grc'><strong>62.</strong></span> <span class='ocrx_word' id='word_1_445' title='bbox 1395 947 1463 976; x_wconf 85' lang='lat' dir='ltr'><strong>vide</strong></span> <span class='ocrx_word' id='word_1_446' title='bbox 1490 945 1617 977; x_wconf 80' lang='lat' dir='ltr'><strong>Strabo-</strong></span> 
     </span>
     <span class='ocr_line' id='line_1_80' title="bbox 968 989 1615 1030; baseline 0 -12"><span class='ocrx_word' id='word_1_447' title='bbox 968 998 1051 1026; x_wconf 88' lang='lat' dir='ltr'><strong>nem,</strong></span> <span class='ocrx_word' id='word_1_448' title='bbox 1065 989 1088 1019; x_wconf 88' lang='grc'><strong>1.</strong></span> <span class='ocrx_word' id='word_1_449' title='bbox 1102 989 1170 1019; x_wconf 85' lang='lat' dir='ltr'><strong>xiii.</strong></span> <span class='ocrx_word' id='word_1_450' title='bbox 1183 998 1204 1018; x_wconf 89' lang='lat' dir='ltr'><strong>a</strong></span> <span class='ocrx_word' id='word_1_451' title='bbox 1222 989 1323 1019; x_wconf 86' lang='lat' dir='ltr'><strong>Medis</strong></span> <span class='ocrx_word' id='word_1_452' title='bbox 1345 992 1507 1030; x_wconf 77' lang='lat' dir='ltr'><strong>occupata,</strong></span> <span class='ocrx_word' id='word_1_453' title='bbox 1523 990 1546 1019; x_wconf 90' lang='lat' dir='ltr'><strong>i.</strong></span> <span class='ocrx_word' id='word_1_454' title='bbox 1564 993 1615 1020; x_wconf 88' lang='lat'><strong>89.</strong></span> 
     </span>
     <span class='ocr_line' id='line_1_81' title="bbox 966 1031 1617 1072; baseline 0 -11"><span class='ocrx_word' id='word_1_455' title='bbox 966 1032 1034 1062; x_wconf 85' lang='lat' dir='ltr'><strong>viii.</strong></span> <span class='ocrx_word' id='word_1_456' title='bbox 1060 1034 1111 1062; x_wconf 83' lang='grc'><strong>62.</strong></span> <span class='ocrx_word' id='word_1_457' title='bbox 1137 1032 1262 1062; x_wconf 84' lang='lat' dir='ltr'><strong>obsessa</strong></span> <span class='ocrx_word' id='word_1_458' title='bbox 1285 1035 1317 1062; x_wconf 86' lang='lat' dir='ltr'><strong>et</strong></span> <span class='ocrx_word' id='word_1_459' title='bbox 1340 1036 1433 1072; x_wconf 78' lang='lat' dir='ltr'><strong>capta</strong></span> <span class='ocrx_word' id='word_1_460' title='bbox 1453 1031 1494 1062; x_wconf 84' lang='lat' dir='ltr'><strong>ab</strong></span> <span class='ocrx_word' id='word_1_461' title='bbox 1515 1032 1617 1062; x_wconf 80' lang='lat' dir='ltr'><strong>Athe-</strong></span> 
     </span>
     <span class='ocr_line' id='line_1_82' title="bbox 967 1075 1169 1106; baseline 0 -2"><span class='ocrx_word' id='word_1_462' title='bbox 967 1075 1066 1105; x_wconf 85' lang='lat' dir='ltr'><strong>niens.</strong></span> <span class='ocrx_word' id='word_1_463' title='bbox 1080 1075 1101 1105; x_wconf 94' lang='lat' dir='ltr'><strong>i.</strong></span> <span class='ocrx_word' id='word_1_464' title='bbox 1118 1079 1169 1106; x_wconf 87' lang='grc'><strong>89.</strong></span> 
     </span>
    </p>

    <p class='ocr_par' dir='ltr' id='par_1_32' title="bbox 924 1117 1266 1154">
     <span class='ocr_line' id='line_1_83' title="bbox 924 1117 1266 1154; baseline 0 -6"><span class='ocrx_word' id='word_1_465' title='bbox 924 1117 1044 1148; x_wconf 74' lang='lat' dir='ltr'><strong>Severae</strong></span> <span class='ocrx_word' id='word_1_466' title='bbox 1056 1119 1142 1154; x_wconf 83' lang='lat' dir='ltr'><strong>Deae,</strong></span> <span class='ocrx_word' id='word_1_467' title='bbox 1157 1118 1178 1147; x_wconf 92' lang='lat' dir='ltr'><strong>i.</strong></span> <span class='ocrx_word' id='word_1_468' title='bbox 1196 1121 1266 1148; x_wconf 85' lang='grc'><strong>126.</strong></span> 
     </span>
    </p>

    <p class='ocr_par' dir='ltr' id='par_1_33' title="bbox 923 1159 1618 1327">
     <span class='ocr_line' id='line_1_84' title="bbox 923 1159 1617 1200; baseline -0.001 -9"><span class='ocrx_word' id='word_1_469' title='bbox 923 1161 1056 1191; x_wconf 86' lang='lat' dir='ltr'><strong>Seuthes</strong></span> <span class='ocrx_word' id='word_1_470' title='bbox 1078 1161 1245 1200; x_wconf 84' lang='lat' dir='ltr'><strong>Sparadoci</strong></span> <span class='ocrx_word' id='word_1_471' title='bbox 1267 1161 1310 1190; x_wconf 89' lang='lat' dir='ltr'><strong>fil.</strong></span> <span class='ocrx_word' id='word_1_472' title='bbox 1332 1160 1366 1190; x_wconf 88' lang='lat' dir='ltr'><strong>ii.</strong></span> <span class='ocrx_word' id='word_1_473' title='bbox 1391 1164 1462 1190; x_wconf 90' lang='grc'><strong>101.</strong></span> <span class='ocrx_word' id='word_1_474' title='bbox 1477 1159 1520 1190; x_wconf 82' lang='lat' dir='ltr'><strong>iv.</strong></span> <span class='ocrx_word' id='word_1_475' title='bbox 1543 1164 1617 1190; x_wconf 89' lang='grc'><strong>101.</strong></span> 
     </span>
     <span class='ocr_line' id='line_1_85' title="bbox 967 1201 1617 1243; baseline -0.003 -8"><span class='ocrx_word' id='word_1_476' title='bbox 967 1205 1158 1243; x_wconf 78' lang='lat' dir='ltr'><strong>Odrysarum</strong></span> <span class='ocrx_word' id='word_1_477' title='bbox 1172 1213 1269 1243; x_wconf 86' lang='lat' dir='ltr'><strong>regno</strong></span> <span class='ocrx_word' id='word_1_478' title='bbox 1292 1206 1364 1242; x_wconf 88' lang='lat' dir='ltr'><strong>post</strong></span> <span class='ocrx_word' id='word_1_479' title='bbox 1384 1204 1519 1234; x_wconf 83' lang='lat' dir='ltr'><strong>Sitalcen</strong></span> <span class='ocrx_word' id='word_1_480' title='bbox 1533 1201 1617 1242; x_wconf 86' lang='lat' dir='ltr'><strong>poti-</strong></span> 
     </span>
     <span class='ocr_line' id='line_1_86' title="bbox 965 1246 1618 1283; baseline 0.002 -7"><span class='ocrx_word' id='word_1_481' title='bbox 965 1246 1031 1283; x_wconf 83' lang='lat' dir='ltr'><strong>tus,</strong></span> <span class='ocrx_word' id='word_1_482' title='bbox 1045 1248 1078 1277; x_wconf 91' lang='lat' dir='ltr'><strong>ii.</strong></span> <span class='ocrx_word' id='word_1_483' title='bbox 1095 1251 1147 1279; x_wconf 87' lang='lat'><strong>97.</strong></span> <span class='ocrx_word' id='word_1_484' title='bbox 1161 1246 1202 1276; x_wconf 87' lang='lat' dir='ltr'><strong>iv.</strong></span> <span class='ocrx_word' id='word_1_485' title='bbox 1220 1251 1290 1277; x_wconf 91' lang='grc'><strong>101.</strong></span> <span class='ocrx_word' id='word_1_486' title='bbox 1309 1255 1444 1276; x_wconf 84' lang='lat' dir='ltr'><strong>sororem</strong></span> <span class='ocrx_word' id='word_1_487' title='bbox 1466 1247 1618 1277; x_wconf 66' lang='lat' dir='ltr'><strong>Perdicca</strong></span> 
     </span>
     <span class='ocr_line' id='line_1_87' title="bbox 967 1290 1205 1327; baseline 0.004 -8"><span class='ocrx_word' id='word_1_488' title='bbox 967 1290 1065 1327; x_wconf 88' lang='lat' dir='ltr'><strong>ducit,</strong></span> <span class='ocrx_word' id='word_1_489' title='bbox 1079 1290 1113 1319; x_wconf 89' lang='lat' dir='ltr'><strong>ii.</strong></span> <span class='ocrx_word' id='word_1_490' title='bbox 1134 1293 1205 1320; x_wconf 91' lang='grc'><strong>101.</strong></span> 
     </span>
    </p>

    <p class='ocr_par' dir='ltr' id='par_1_34' title="bbox 924 1332 1616 1449">
     <span class='ocr_line' id='line_1_88' title="bbox 924 1332 1614 1371; baseline 0 -8"><span class='ocrx_word' id='word_1_491' title='bbox 924 1333 1047 1363; x_wconf 85' lang='lat' dir='ltr'><strong>Sicania</strong></span> <span class='ocrx_word' id='word_1_492' title='bbox 1071 1333 1236 1371; x_wconf 78' lang='lat' dir='ltr'><strong>antiquum</strong></span> <span class='ocrx_word' id='word_1_493' title='bbox 1258 1332 1343 1363; x_wconf 89' lang='lat' dir='ltr'><strong>Sicil.</strong></span> <span class='ocrx_word' id='word_1_494' title='bbox 1367 1342 1492 1369; x_wconf 86' lang='lat' dir='ltr'><strong>nomen,</strong></span> <span class='ocrx_word' id='word_1_495' title='bbox 1514 1333 1556 1362; x_wconf 85' lang='lat' dir='ltr'><strong>vi.</strong></span> <span class='ocrx_word' id='word_1_496' title='bbox 1582 1337 1614 1363; x_wconf 84' lang='grc'><strong>2.</strong></span> 
     </span>
     <span class='ocr_line' id='line_1_89' title="bbox 965 1376 1616 1412; baseline 0.002 -7"><span class='ocrx_word' id='word_1_497' title='bbox 965 1377 1048 1405; x_wconf 87' lang='lat' dir='ltr'><strong>unde</strong></span> <span class='ocrx_word' id='word_1_498' title='bbox 1076 1376 1255 1412; x_wconf 87' lang='lat' dir='ltr'><strong>deductum,</strong></span> <span class='ocrx_word' id='word_1_499' title='bbox 1277 1376 1352 1406; x_wconf 90' lang='lat' dir='ltr'><strong>ibid.</strong></span> <span class='ocrx_word' id='word_1_500' title='bbox 1380 1377 1450 1406; x_wconf 86' lang='lat' dir='ltr'><strong>vide</strong></span> <span class='ocrx_word' id='word_1_501' title='bbox 1477 1376 1616 1406; x_wconf 78' lang='lat' dir='ltr'><strong>Cluverii</strong></span> 
     </span>
     <span class='ocr_line' id='line_1_90' title="bbox 966 1419 1188 1449; baseline 0 -1"><span class='ocrx_word' id='word_1_502' title='bbox 966 1419 1026 1449; x_wconf 88' lang='lat' dir='ltr'><strong>Sic.</strong></span> <span class='ocrx_word' id='word_1_503' title='bbox 1042 1419 1063 1448; x_wconf 91' lang='lat' dir='ltr'><strong>l.</strong></span> <span class='ocrx_word' id='word_1_504' title='bbox 1080 1419 1101 1449; x_wconf 86' lang='lat' dir='ltr'><strong>i.</strong></span> <span class='ocrx_word' id='word_1_505' title='bbox 1115 1428 1143 1448; x_wconf 87' lang='lat' dir='ltr'><strong>c.</strong></span> <span class='ocrx_word' id='word_1_506' title='bbox 1157 1423 1188 1448; x_wconf 88' lang='grc'><strong>2.</strong></span> 
     </span>
    </p>

    <p class='ocr_par' dir='ltr' id='par_1_35' title="bbox 923 1460 1324 1500">
     <span class='ocr_line' id='line_1_91' title="bbox 923 1460 1324 1500; baseline -0.002 -9"><span class='ocrx_word' id='word_1_507' title='bbox 923 1462 1026 1492; x_wconf 84' lang='lat' dir='ltr'><strong>Sicani</strong></span> <span class='ocrx_word' id='word_1_508' title='bbox 1040 1461 1148 1492; x_wconf 80' lang='lat' dir='ltr'><strong>lberiae</strong></span> <span class='ocrx_word' id='word_1_509' title='bbox 1161 1471 1233 1500; x_wconf 90' lang='lat' dir='ltr'><strong>pop.</strong></span> <span class='ocrx_word' id='word_1_510' title='bbox 1249 1460 1324 1491; x_wconf 87' lang='lat' dir='ltr'><strong>ibid.</strong></span> 
     </span>
    </p>

    <p class='ocr_par' dir='ltr' id='par_1_36' title="bbox 922 1504 1308 1535">
     <span class='ocr_line' id='line_1_92' title="bbox 922 1504 1308 1535; baseline -0.003 -1"><span class='ocrx_word' id='word_1_511' title='bbox 922 1505 1051 1535; x_wconf 88' lang='lat' dir='ltr'><strong>Sicanus</strong></span> <span class='ocrx_word' id='word_1_512' title='bbox 1065 1505 1174 1534; x_wconf 84' lang='lat' dir='ltr'><strong>lberiae</strong></span> <span class='ocrx_word' id='word_1_513' title='bbox 1186 1505 1218 1534; x_wconf 89' lang='lat' dir='ltr'><strong>fl.</strong></span> <span class='ocrx_word' id='word_1_514' title='bbox 1233 1504 1308 1534; x_wconf 89' lang='lat' dir='ltr'><strong>ibid.</strong></span> 
     </span>
    </p>

    <p class='ocr_par' dir='ltr' id='par_1_37' title="bbox 922 1547 1614 1623">
     <span class='ocr_line' id='line_1_93' title="bbox 922 1547 1614 1579; baseline 0 0"><span class='ocrx_word' id='word_1_515' title='bbox 922 1548 1052 1579; x_wconf 87' lang='lat' dir='ltr'><strong>Sicanus</strong></span> <span class='ocrx_word' id='word_1_516' title='bbox 1065 1548 1191 1578; x_wconf 81' lang='lat' dir='ltr'><strong>Excesti</strong></span> <span class='ocrx_word' id='word_1_517' title='bbox 1205 1547 1250 1578; x_wconf 82' lang='lat' dir='ltr'><strong>fil.</strong></span> <span class='ocrx_word' id='word_1_518' title='bbox 1269 1548 1310 1576; x_wconf 75' lang='lat' dir='ltr'><strong>vi.</strong></span> <span class='ocrx_word' id='word_1_519' title='bbox 1333 1551 1388 1579; x_wconf 90' lang='grc'><strong>73.</strong></span> <span class='ocrx_word' id='word_1_520' title='bbox 1409 1547 1464 1577; x_wconf 82' lang='lat' dir='ltr'><strong>vii.</strong></span> <span class='ocrx_word' id='word_1_521' title='bbox 1486 1550 1538 1578; x_wconf 81' lang='lat'><strong>46.</strong></span> <span class='ocrx_word' id='word_1_522' title='bbox 1562 1552 1614 1579; x_wconf 90' lang='grc'><strong>50.</strong></span> 
     </span>
     <span class='ocr_line' id='line_1_94' title="bbox 967 1595 1018 1623; baseline -0.078 0"><span class='ocrx_word' id='word_1_523' title='bbox 967 1595 1018 1623; x_wconf 93' lang='grc'><strong>70.</strong></span> 
     </span>
    </p>

    <p class='ocr_par' dir='ltr' id='par_1_38' title="bbox 922 1632 1616 2272">
     <span class='ocr_line' id='line_1_95' title="bbox 922 1632 1614 1673; baseline 0.001 -10"><span class='ocrx_word' id='word_1_524' title='bbox 922 1634 1028 1664; x_wconf 83' lang='lat' dir='ltr'><strong>Sicilia</strong></span> <span class='ocrx_word' id='word_1_525' title='bbox 1050 1634 1137 1673; x_wconf 88' lang='lat' dir='ltr'><strong>prius</strong></span> <span class='ocrx_word' id='word_1_526' title='bbox 1158 1633 1323 1663; x_wconf 86' lang='lat' dir='ltr'><strong>Trinacria</strong></span> <span class='ocrx_word' id='word_1_527' title='bbox 1339 1635 1372 1662; x_wconf 86' lang='lat' dir='ltr'><strong>et</strong></span> <span class='ocrx_word' id='word_1_528' title='bbox 1383 1632 1507 1664; x_wconf 71' lang='lat' dir='ltr'><strong>Sicania</strong></span> <span class='ocrx_word' id='word_1_529' title='bbox 1519 1634 1614 1671; x_wconf 76' lang='lat' dir='ltr'><strong>dicta,</strong></span> 
     </span>
     <span class='ocr_line' id='line_1_96' title="bbox 965 1676 1615 1715; baseline 0 -8"><span class='ocrx_word' id='word_1_530' title='bbox 965 1677 1007 1707; x_wconf 82' lang='lat' dir='ltr'><strong>vi.</strong></span> <span class='ocrx_word' id='word_1_531' title='bbox 1022 1681 1051 1706; x_wconf 94' lang='grc'><strong>2.</strong></span> <span class='ocrx_word' id='word_1_532' title='bbox 1066 1677 1133 1715; x_wconf 81' lang='lat' dir='ltr'><strong>ejus</strong></span> <span class='ocrx_word' id='word_1_533' title='bbox 1147 1677 1341 1715; x_wconf 86' lang='lat' dir='ltr'><strong>magnitudo,</strong></span> <span class='ocrx_word' id='word_1_534' title='bbox 1353 1676 1394 1706; x_wconf 85' lang='lat' dir='ltr'><strong>vi.</strong></span> <span class='ocrx_word' id='word_1_535' title='bbox 1411 1680 1438 1706; x_wconf 90' lang='lat'><strong>1.</strong></span> <span class='ocrx_word' id='word_1_536' title='bbox 1449 1680 1481 1706; x_wconf 89' lang='lat' dir='ltr'><strong>et</strong></span> <span class='ocrx_word' id='word_1_537' title='bbox 1495 1678 1615 1713; x_wconf 74' lang='lat' dir='ltr'><strong>incolae,</strong></span> 
     </span>
     <span class='ocr_line' id='line_1_97' title="bbox 968 1720 1614 1759; baseline 0 -9"><span class='ocrx_word' id='word_1_538' title='bbox 968 1721 1009 1750; x_wconf 83' lang='lat' dir='ltr'><strong>vi.</strong></span> <span class='ocrx_word' id='word_1_539' title='bbox 1025 1724 1056 1757; x_wconf 84' lang='lat'><strong>2,</strong></span> <span class='ocrx_word' id='word_1_540' title='bbox 1071 1730 1117 1759; x_wconf 87' lang='lat' dir='ltr'><strong>sq.</strong></span> <span class='ocrx_word' id='word_1_541' title='bbox 1133 1720 1200 1758; x_wconf 84' lang='lat' dir='ltr'><strong>ejus</strong></span> <span class='ocrx_word' id='word_1_542' title='bbox 1214 1729 1234 1749; x_wconf 85' lang='lat' dir='ltr'><strong>a</strong></span> <span class='ocrx_word' id='word_1_543' title='bbox 1251 1720 1431 1749; x_wconf 84' lang='lat' dir='ltr'><strong>continente</strong></span> <span class='ocrx_word' id='word_1_544' title='bbox 1453 1720 1614 1757; x_wconf 73' lang='lat' dir='ltr'><strong>distantia,</strong></span> 
     </span>
     <span class='ocr_line' id='line_1_98' title="bbox 969 1763 1613 1795; baseline 0.002 -2"><span class='ocrx_word' id='word_1_545' title='bbox 969 1764 1011 1795; x_wconf 73' lang='grc' dir='ltr'><strong>ἰν.</strong></span> <span class='ocrx_word' id='word_1_546' title='bbox 1036 1767 1088 1793; x_wconf 86' lang='grc'><strong>24.</strong></span> <span class='ocrx_word' id='word_1_547' title='bbox 1110 1763 1151 1792; x_wconf 88' lang='lat' dir='ltr'><strong>vi.</strong></span> <span class='ocrx_word' id='word_1_548' title='bbox 1171 1767 1198 1792; x_wconf 92' lang='lat' dir='ltr'><strong>l.</strong></span> <span class='ocrx_word' id='word_1_549' title='bbox 1212 1772 1232 1792; x_wconf 85' lang='lat' dir='ltr'><strong>a</strong></span> <span class='ocrx_word' id='word_1_550' title='bbox 1253 1763 1364 1792; x_wconf 83' lang='lat' dir='ltr'><strong>Siculis</strong></span> <span class='ocrx_word' id='word_1_551' title='bbox 1385 1763 1484 1793; x_wconf 66' lang='lat' dir='ltr'><strong>Italiae</strong></span> <span class='ocrx_word' id='word_1_552' title='bbox 1505 1764 1613 1794; x_wconf 76' lang='lat' dir='ltr'><strong>incolis</strong></span> 
     </span>
     <span class='ocr_line' id='line_1_99' title="bbox 968 1806 1615 1845; baseline 0.003 -10"><span class='ocrx_word' id='word_1_553' title='bbox 968 1807 1014 1836; x_wconf 87' lang='lat' dir='ltr'><strong>ita</strong></span> <span class='ocrx_word' id='word_1_554' title='bbox 1034 1806 1205 1845; x_wconf 84' lang='lat' dir='ltr'><strong>appellata,</strong></span> <span class='ocrx_word' id='word_1_555' title='bbox 1223 1806 1264 1836; x_wconf 89' lang='lat' dir='ltr'><strong>vi.</strong></span> <span class='ocrx_word' id='word_1_556' title='bbox 1279 1811 1310 1837; x_wconf 87' lang='grc'><strong>2.</strong></span> <span class='ocrx_word' id='word_1_557' title='bbox 1334 1806 1401 1845; x_wconf 79' lang='lat' dir='ltr'><strong>ejus</strong></span> <span class='ocrx_word' id='word_1_558' title='bbox 1423 1810 1544 1845; x_wconf 84' lang='lat' dir='ltr'><strong>partem</strong></span> <span class='ocrx_word' id='word_1_559' title='bbox 1567 1807 1615 1837; x_wconf 89' lang='lat' dir='ltr'><strong>in·</strong></span> 
     </span>
     <span class='ocr_line' id='line_1_100' title="bbox 968 1849 1616 1886; baseline 0.003 -8"><span class='ocrx_word' id='word_1_560' title='bbox 968 1849 1076 1878; x_wconf 85' lang='lat' dir='ltr'><strong>colunt</strong></span> <span class='ocrx_word' id='word_1_561' title='bbox 1097 1850 1208 1886; x_wconf 76' lang='lat' dir='ltr'><strong>Graeci,</strong></span> <span class='ocrx_word' id='word_1_562' title='bbox 1222 1850 1276 1879; x_wconf 83' lang='lat' dir='ltr'><strong>vii.</strong></span> <span class='ocrx_word' id='word_1_563' title='bbox 1299 1853 1350 1879; x_wconf 88' lang='lat'><strong>58.</strong></span> <span class='ocrx_word' id='word_1_564' title='bbox 1370 1849 1398 1878; x_wconf 87' lang='lat' dir='ltr'><strong>ei</strong></span> <span class='ocrx_word' id='word_1_565' title='bbox 1422 1849 1536 1880; x_wconf 89' lang='lat' dir='ltr'><strong>bellum</strong></span> <span class='ocrx_word' id='word_1_566' title='bbox 1558 1859 1616 1880; x_wconf 85' lang='lat' dir='ltr'><strong>cur</strong></span> 
     </span>
     <span class='ocr_line' id='line_1_101' title="bbox 964 1892 1614 1932; baseline 0.006 -12"><span class='ocrx_word' id='word_1_567' title='bbox 964 1892 1130 1922; x_wconf 87' lang='lat' dir='ltr'><strong>intulerint</strong></span> <span class='ocrx_word' id='word_1_568' title='bbox 1145 1893 1263 1922; x_wconf 83' lang='lat' dir='ltr'><strong>Athen.</strong></span> <span class='ocrx_word' id='word_1_569' title='bbox 1279 1893 1320 1923; x_wconf 81' lang='lat' dir='ltr'><strong>iv.</strong></span> <span class='ocrx_word' id='word_1_570' title='bbox 1334 1894 1386 1922; x_wconf 89' lang='lat'><strong>60.</strong></span> <span class='ocrx_word' id='word_1_571' title='bbox 1402 1902 1446 1932; x_wconf 89' lang='lat' dir='ltr'><strong>sq.</strong></span> <span class='ocrx_word' id='word_1_572' title='bbox 1460 1894 1502 1924; x_wconf 81' lang='lat' dir='ltr'><strong>vi.</strong></span> <span class='ocrx_word' id='word_1_573' title='bbox 1515 1896 1546 1924; x_wconf 88' lang='grc'><strong>6.</strong></span> <span class='ocrx_word' id='word_1_574' title='bbox 1560 1898 1614 1924; x_wconf 86' lang='grc'><strong>33.</strong></span> 
     </span>
     <span class='ocr_line' id='line_1_102' title="bbox 963 1935 1615 1973; baseline 0.002 -7"><span class='ocrx_word' id='word_1_575' title='bbox 963 1939 1015 1966; x_wconf 80' lang='grc'><strong>90.</strong></span> <span class='ocrx_word' id='word_1_576' title='bbox 1029 1935 1083 1964; x_wconf 88' lang='lat' dir='ltr'><strong>vii.</strong></span> <span class='ocrx_word' id='word_1_577' title='bbox 1098 1937 1151 1969; x_wconf 88' lang='lat'><strong>66,</strong></span> <span class='ocrx_word' id='word_1_578' title='bbox 1166 1944 1212 1973; x_wconf 83' lang='lat' dir='ltr'><strong>sq.</strong></span> <span class='ocrx_word' id='word_1_579' title='bbox 1251 1936 1346 1965; x_wconf 90' lang='lat' dir='ltr'><strong>Siculi</strong></span> <span class='ocrx_word' id='word_1_580' title='bbox 1360 1945 1398 1965; x_wconf 84' lang='lat' dir='ltr'><strong>ex</strong></span> <span class='ocrx_word' id='word_1_581' title='bbox 1413 1936 1506 1966; x_wconf 78' lang='lat' dir='ltr'><strong>Italia</strong></span> <span class='ocrx_word' id='word_1_582' title='bbox 1520 1937 1554 1966; x_wconf 89' lang='lat' dir='ltr'><strong>in</strong></span> <span class='ocrx_word' id='word_1_583' title='bbox 1567 1937 1615 1967; x_wconf 85' lang='lat' dir='ltr'><strong>Si-</strong></span> 
     </span>
     <span class='ocr_line' id='line_1_103' title="bbox 964 1977 1615 2015; baseline 0.006 -9"><span class='ocrx_word' id='word_1_584' title='bbox 964 1978 1015 2008; x_wconf 89' lang='lat' dir='ltr'><strong>cil.</strong></span> <span class='ocrx_word' id='word_1_585' title='bbox 1030 1977 1192 2015; x_wconf 81' lang='lat' dir='ltr'><strong>trajecere,</strong></span> <span class='ocrx_word' id='word_1_586' title='bbox 1206 1978 1247 2007; x_wconf 83' lang='lat' dir='ltr'><strong>vi.</strong></span> <span class='ocrx_word' id='word_1_587' title='bbox 1263 1982 1293 2007; x_wconf 89' lang='grc'><strong>2.</strong></span> <span class='ocrx_word' id='word_1_588' title='bbox 1331 1978 1505 2009; x_wconf 80' lang='lat' dir='ltr'><strong>Sicilienses</strong></span> <span class='ocrx_word' id='word_1_589' title='bbox 1519 1984 1552 2009; x_wconf 90' lang='lat' dir='ltr'><strong>et</strong></span> <span class='ocrx_word' id='word_1_590' title='bbox 1566 1980 1615 2010; x_wconf 88' lang='lat' dir='ltr'><strong>Si·</strong></span> 
     </span>
     <span class='ocr_line' id='line_1_104' title="bbox 963 2020 1614 2058; baseline 0.005 -9"><span class='ocrx_word' id='word_1_591' title='bbox 963 2020 1039 2058; x_wconf 82' lang='lat' dir='ltr'><strong>culi,</strong></span> <span class='ocrx_word' id='word_1_592' title='bbox 1049 2021 1103 2050; x_wconf 78' lang='lat' dir='ltr'><strong>vii.</strong></span> <span class='ocrx_word' id='word_1_593' title='bbox 1113 2025 1165 2051; x_wconf 81' lang='grc'><strong>32.</strong></span> <span class='ocrx_word' id='word_1_594' title='bbox 1183 2021 1279 2051; x_wconf 92' lang='lat' dir='ltr'><strong>Siculi</strong></span> <span class='ocrx_word' id='word_1_595' title='bbox 1293 2022 1506 2052; x_wconf 79' lang='lat' dir='ltr'><strong>Hermocratis</strong></span> <span class='ocrx_word' id='word_1_596' title='bbox 1518 2031 1614 2052; x_wconf 74' lang='lat' dir='ltr'><strong>suasu</strong></span> 
     </span>
     <span class='ocr_line' id='line_1_105' title="bbox 965 2064 1615 2105; baseline 0.008 -13"><span class='ocrx_word' id='word_1_597' title='bbox 965 2064 1050 2105; x_wconf 80' lang='lat' dir='ltr'><strong>inter</strong></span> <span class='ocrx_word' id='word_1_598' title='bbox 1074 2072 1106 2093; x_wconf 83' lang='lat' dir='ltr'><strong>se</strong></span> <span class='ocrx_word' id='word_1_599' title='bbox 1132 2065 1386 2102; x_wconf 83' lang='lat' dir='ltr'><strong>compositionem</strong></span> <span class='ocrx_word' id='word_1_600' title='bbox 1414 2065 1546 2102; x_wconf 81' lang='lat' dir='ltr'><strong>faciunt,</strong></span> <span class='ocrx_word' id='word_1_601' title='bbox 1571 2067 1615 2097; x_wconf 80' lang='lat' dir='ltr'><strong>iv.</strong></span> 
     </span>
     <span class='ocr_line' id='line_1_106' title="bbox 965 2107 1615 2147; baseline 0.005 -11"><span class='ocrx_word' id='word_1_602' title='bbox 965 2109 1018 2136; x_wconf 83' lang='grc'><strong>58.</strong></span> <span class='ocrx_word' id='word_1_603' title='bbox 1040 2109 1092 2136; x_wconf 84' lang='grc'><strong>65.</strong></span> <span class='ocrx_word' id='word_1_604' title='bbox 1131 2107 1303 2137; x_wconf 83' lang='lat' dir='ltr'><strong>Siculorum</strong></span> <span class='ocrx_word' id='word_1_605' title='bbox 1326 2107 1380 2136; x_wconf 85' lang='lat' dir='ltr'><strong>alii</strong></span> <span class='ocrx_word' id='word_1_606' title='bbox 1402 2108 1615 2147; x_wconf 74' lang='lat' dir='ltr'><strong>Syracusanis,</strong></span> 
     </span>
     <span class='ocr_line' id='line_1_107' title="bbox 966 2149 1614 2190; baseline 0.005 -11"><span class='ocrx_word' id='word_1_607' title='bbox 966 2149 1021 2179; x_wconf 70' lang='lat' dir='ltr'><strong>alii</strong></span> <span class='ocrx_word' id='word_1_608' title='bbox 1034 2150 1282 2181; x_wconf 83' lang='lat' dir='ltr'><strong>Atheniensibus</strong></span> <span class='ocrx_word' id='word_1_609' title='bbox 1295 2160 1328 2180; x_wconf 84' lang='lat' dir='ltr'><strong>se</strong></span> <span class='ocrx_word' id='word_1_610' title='bbox 1340 2151 1492 2190; x_wconf 84' lang='lat' dir='ltr'><strong>jungunt,</strong></span> <span class='ocrx_word' id='word_1_611' title='bbox 1506 2152 1547 2182; x_wconf 87' lang='lat' dir='ltr'><strong>vi.</strong></span> <span class='ocrx_word' id='word_1_612' title='bbox 1563 2157 1614 2182; x_wconf 89' lang='lat'><strong>88.</strong></span> 
     </span>
     <span class='ocr_line' id='line_1_108' title="bbox 964 2192 1614 2231; baseline 0.006 -10"><span class='ocrx_word' id='word_1_613' title='bbox 964 2193 1019 2223; x_wconf 72' lang='lat' dir='ltr'><strong>vii.</strong></span> <span class='ocrx_word' id='word_1_614' title='bbox 1041 2197 1094 2223; x_wconf 82' lang='grc'><strong>32.</strong></span> <span class='ocrx_word' id='word_1_615' title='bbox 1129 2192 1267 2224; x_wconf 86' lang='lat' dir='ltr'><strong>Siculum</strong></span> <span class='ocrx_word' id='word_1_616' title='bbox 1281 2194 1408 2231; x_wconf 82' lang='lat' dir='ltr'><strong>fretum,</strong></span> <span class='ocrx_word' id='word_1_617' title='bbox 1422 2195 1464 2224; x_wconf 87' lang='lat' dir='ltr'><strong>iv.</strong></span> <span class='ocrx_word' id='word_1_618' title='bbox 1478 2199 1530 2225; x_wconf 80' lang='grc'><strong>24.</strong></span> <span class='ocrx_word' id='word_1_619' title='bbox 1544 2195 1614 2225; x_wconf 78' lang='lat' dir='ltr'><strong>vid·</strong></span> 
     </span>
     <span class='ocr_line' id='line_1_109' title="bbox 965 2236 1424 2272; baseline 0.004 -7"><span class='ocrx_word' id='word_1_620' title='bbox 965 2236 1104 2265; x_wconf 82' lang='lat' dir='ltr'><strong>Cluverii</strong></span> <span class='ocrx_word' id='word_1_621' title='bbox 1117 2236 1266 2272; x_wconf 82' lang='lat' dir='ltr'><strong>Siciliam,</strong></span> <span class='ocrx_word' id='word_1_622' title='bbox 1279 2237 1300 2267; x_wconf 93' lang='lat' dir='ltr'><strong>l.</strong></span> <span class='ocrx_word' id='word_1_623' title='bbox 1316 2238 1337 2267; x_wconf 92' lang='lat' dir='ltr'><strong>i.</strong></span> <span class='ocrx_word' id='word_1_624' title='bbox 1350 2247 1378 2267; x_wconf 84' lang='lat' dir='ltr'><strong>c.</strong></span> <span class='ocrx_word' id='word_1_625' title='bbox 1393 2242 1424 2267; x_wconf 86' lang='grc'><strong>4.</strong></span> 
     </span>
    </p>

    <p class='ocr_par' dir='ltr' id='par_1_39' title="bbox 922 2278 1615 2491">
     <span class='ocr_line' id='line_1_110' title="bbox 922 2278 1615 2316; baseline 0.004 -8"><span class='ocrx_word' id='word_1_626' title='bbox 922 2278 1044 2316; x_wconf 87' lang='lat' dir='ltr'><strong>Sicyon,</strong></span> <span class='ocrx_word' id='word_1_627' title='bbox 1067 2280 1091 2309; x_wconf 87' lang='lat' dir='ltr'><strong>i.</strong></span> <span class='ocrx_word' id='word_1_628' title='bbox 1118 2283 1188 2309; x_wconf 91' lang='lat'><strong>111.</strong></span> <span class='ocrx_word' id='word_1_629' title='bbox 1202 2280 1271 2310; x_wconf 85' lang='lat' dir='ltr'><strong>vide</strong></span> <span class='ocrx_word' id='word_1_630' title='bbox 1293 2281 1426 2310; x_wconf 81' lang='lat' dir='ltr'><strong>Pausan.</strong></span> <span class='ocrx_word' id='word_1_631' title='bbox 1450 2281 1482 2310; x_wconf 92' lang='lat' dir='ltr'><strong>in</strong></span> <span class='ocrx_word' id='word_1_632' title='bbox 1506 2281 1615 2311; x_wconf 88' lang='lat' dir='ltr'><strong>Corin-</strong></span> 
     </span>
     <span class='ocr_line' id='line_1_111' title="bbox 964 2322 1615 2363; baseline 0.005 -12"><span class='ocrx_word' id='word_1_633' title='bbox 964 2322 1086 2353; x_wconf 76' lang='lat' dir='ltr'><strong>thiacis.</strong></span> <span class='ocrx_word' id='word_1_634' title='bbox 1108 2324 1210 2352; x_wconf 75' lang='lat' dir='ltr'><strong>status</strong></span> <span class='ocrx_word' id='word_1_635' title='bbox 1229 2323 1296 2361; x_wconf 80' lang='lat' dir='ltr'><strong>ejus</strong></span> <span class='ocrx_word' id='word_1_636' title='bbox 1311 2333 1382 2362; x_wconf 88' lang='lat' dir='ltr'><strong>pop.</strong></span> <span class='ocrx_word' id='word_1_637' title='bbox 1397 2324 1430 2353; x_wconf 92' lang='lat' dir='ltr'><strong>in</strong></span> <span class='ocrx_word' id='word_1_638' title='bbox 1443 2332 1615 2363; x_wconf 77' lang='lat' dir='ltr'><strong>paucorum</strong></span> 
     </span>
     <span class='ocr_line' id='line_1_112' title="bbox 966 2365 1613 2407; baseline 0.006 -14"><span class='ocrx_word' id='word_1_639' title='bbox 966 2365 1160 2405; x_wconf 82' lang='lat' dir='ltr'><strong>dominatum</strong></span> <span class='ocrx_word' id='word_1_640' title='bbox 1174 2366 1331 2403; x_wconf 88' lang='lat' dir='ltr'><strong>redactus,</strong></span> <span class='ocrx_word' id='word_1_641' title='bbox 1345 2376 1373 2395; x_wconf 90' lang='lat' dir='ltr'><strong>v.</strong></span> <span class='ocrx_word' id='word_1_642' title='bbox 1390 2370 1440 2396; x_wconf 87' lang='grc'><strong>81.</strong></span> <span class='ocrx_word' id='word_1_643' title='bbox 1478 2367 1613 2407; x_wconf 84' lang='lat' dir='ltr'><strong>Sicyonii</strong></span> 
     </span>
     <span class='ocr_line' id='line_1_113' title="bbox 964 2407 1612 2440; baseline 0.006 -4"><span class='ocrx_word' id='word_1_644' title='bbox 964 2407 1038 2437; x_wconf 82' lang='lat' dir='ltr'><strong>victi</strong></span> <span class='ocrx_word' id='word_1_645' title='bbox 1060 2407 1100 2437; x_wconf 79' lang='lat' dir='ltr'><strong>ab</strong></span> <span class='ocrx_word' id='word_1_646' title='bbox 1122 2409 1240 2439; x_wconf 86' lang='lat' dir='ltr'><strong>Athen.</strong></span> <span class='ocrx_word' id='word_1_647' title='bbox 1262 2409 1283 2438; x_wconf 95' lang='lat' dir='ltr'><strong>i.</strong></span> <span class='ocrx_word' id='word_1_648' title='bbox 1309 2413 1379 2439; x_wconf 88' lang='grc'><strong>108.</strong></span> <span class='ocrx_word' id='word_1_649' title='bbox 1397 2413 1468 2440; x_wconf 89' lang='grc'><strong>111.</strong></span> <span class='ocrx_word' id='word_1_650' title='bbox 1491 2411 1612 2440; x_wconf 80' lang='lat' dir='ltr'><strong>eosdem</strong></span> 
     </span>
     <span class='ocr_line' id='line_1_114' title="bbox 965 2451 1468 2491; baseline 0.004 -11"><span class='ocrx_word' id='word_1_651' title='bbox 965 2451 1146 2481; x_wconf 76' lang='lat' dir='ltr'><strong>invadentes</strong></span> <span class='ocrx_word' id='word_1_652' title='bbox 1159 2455 1323 2491; x_wconf 76' lang='lat' dir='ltr'><strong>superant,</strong></span> <span class='ocrx_word' id='word_1_653' title='bbox 1338 2452 1379 2482; x_wconf 85' lang='lat' dir='ltr'><strong>iv.</strong></span> <span class='ocrx_word' id='word_1_654' title='bbox 1397 2456 1468 2482; x_wconf 93' lang='grc'><strong>102.</strong></span> 
     </span>
    </p>

    <p class='ocr_par' dir='ltr' id='par_1_40' title="bbox 922 2493 1208 2532">
     <span class='ocr_line' id='line_1_115' title="bbox 922 2493 1208 2532; baseline 0.007 -10"><span class='ocrx_word' id='word_1_655' title='bbox 922 2493 1059 2532; x_wconf 84' lang='lat' dir='ltr'><strong>Sidussa,</strong></span> <span class='ocrx_word' id='word_1_656' title='bbox 1073 2494 1140 2524; x_wconf 83' lang='lat' dir='ltr'><strong>viii.</strong></span> <span class='ocrx_word' id='word_1_657' title='bbox 1157 2498 1208 2524; x_wconf 87' lang='grc'><strong>24.</strong></span> 
     </span>
    </p>

    <p class='ocr_par' dir='ltr' id='par_1_41' title="bbox 921 2509 1534 2575">
     <span class='ocr_line' id='line_1_116' title="bbox 921 2509 1534 2575; baseline 0.005 -9"><span class='ocrx_word' id='word_1_658' title='bbox 921 2537 1059 2575; x_wconf 80' lang='lat' dir='ltr'><strong>Sigeum,</strong></span> <span class='ocrx_word' id='word_1_659' title='bbox 1072 2537 1138 2567; x_wconf 85' lang='lat' dir='ltr'><strong>viii.</strong></span> <span class='ocrx_word' id='word_1_660' title='bbox 1155 2541 1226 2567; x_wconf 87' lang='grc'><strong>101.</strong></span> <span class='ocrx_word' id='word_1_661' title='bbox 1239 2537 1308 2567; x_wconf 85' lang='lat' dir='ltr'><strong>vide</strong></span> <span class='ocrx_word' id='word_1_662' title='bbox 1323 2509 1426 2568; x_wconf 81' lang='lat' dir='ltr'><strong>Strab.</strong></span> <span class='ocrx_word' id='word_1_663' title='bbox 1440 2538 1463 2568; x_wconf 91' lang='grc'><strong>1.</strong></span> <span class='ocrx_word' id='word_1_664' title='bbox 1478 2539 1534 2569; x_wconf 77' lang='lat' dir='ltr'><strong>xii.</strong></span> 
     </span>
    </p>

    <p class='ocr_par' dir='ltr' id='par_1_42' title="bbox 921 2580 1471 2620">
     <span class='ocr_line' id='line_1_117' title="bbox 921 2580 1471 2620; baseline 0.006 -12.006"><span class='ocrx_word' id='word_1_665' title='bbox 921 2580 1063 2618; x_wconf 67' lang='lat' dir='ltr'><strong>Sigillum</strong></span> <span class='ocrx_word' id='word_1_666' title='bbox 1079 2581 1160 2620; x_wconf 85' lang='lat' dir='ltr'><strong>regis</strong></span> <span class='ocrx_word' id='word_1_667' title='bbox 1173 2581 1372 2617; x_wconf 79' lang='lat' dir='ltr'><strong>Persarum‚·</strong></span> <span class='ocrx_word' id='word_1_668' title='bbox 1365 2591 1384 2610; x_wconf 90' lang='grc' dir='ltr'><strong>ι.</strong></span> <span class='ocrx_word' id='word_1_669' title='bbox 1402 2585 1471 2613; x_wconf 88' lang='grc'><strong>129.</strong></span> 
     </span>
    </p>

    <p class='ocr_par' dir='ltr' id='par_1_43' title="bbox 921 2622 1532 2662">
     <span class='ocr_line' id='line_1_118' title="bbox 921 2622 1532 2662; baseline 0.007 -11"><span class='ocrx_word' id='word_1_670' title='bbox 921 2622 1026 2652; x_wconf 76' lang='lat' dir='ltr'><strong>Silva&#39;</strong></span> <span class='ocrx_word' id='word_1_671' title='bbox 1020 2632 1051 2652; x_wconf 82' lang='lat' dir='ltr'><strong>in</strong></span> <span class='ocrx_word' id='word_1_672' title='bbox 1067 2623 1248 2662; x_wconf 87' lang='lat' dir='ltr'><strong>Sphactcria</strong></span> <span class='ocrx_word' id='word_1_673' title='bbox 1260 2627 1408 2661; x_wconf 74' lang='lat' dir='ltr'><strong>cremata,</strong></span> <span class='ocrx_word' id='word_1_674' title='bbox 1424 2625 1464 2654; x_wconf 79' lang='lat' dir='ltr'><strong>iv.</strong></span> <span class='ocrx_word' id='word_1_675' title='bbox 1478 2628 1532 2655; x_wconf 86' lang='lat'><strong>80.</strong></span> 
     </span>
    </p>

    <p class='ocr_par' dir='ltr' id='par_1_44' title="bbox 921 2665 1408 2699">
     <span class='ocr_line' id='line_1_119' title="bbox 921 2665 1408 2699; baseline 0.004 -4"><span class='ocrx_word' id='word_1_676' title='bbox 921 2665 1092 2696; x_wconf 86' lang='lat' dir='ltr'><strong>Simonides</strong></span> <span class='ocrx_word' id='word_1_677' title='bbox 1106 2667 1168 2696; x_wconf 86' lang='lat' dir='ltr'><strong>dux</strong></span> <span class='ocrx_word' id='word_1_678' title='bbox 1185 2666 1304 2697; x_wconf 84' lang='lat' dir='ltr'><strong>Athen.</strong></span> <span class='ocrx_word' id='word_1_679' title='bbox 1321 2668 1362 2697; x_wconf 80' lang='lat' dir='ltr'><strong>iv.</strong></span> <span class='ocrx_word' id='word_1_680' title='bbox 1376 2671 1408 2699; x_wconf 88' lang='grc'><strong>7.</strong></span> 
     </span>
    </p>

    <p class='ocr_par' dir='ltr' id='par_1_45' title="bbox 921 2708 1597 2748">
     <span class='ocr_line' id='line_1_120' title="bbox 921 2708 1597 2748; baseline 0.003 -11"><span class='ocrx_word' id='word_1_681' title='bbox 921 2709 1102 2739; x_wconf 78' lang='lat' dir='ltr'><strong>Simultates</strong></span> <span class='ocrx_word' id='word_1_682' title='bbox 1115 2710 1198 2739; x_wconf 82' lang='lat' dir='ltr'><strong>inter</strong></span> <span class='ocrx_word' id='word_1_683' title='bbox 1211 2710 1328 2739; x_wconf 87' lang='lat' dir='ltr'><strong>Athen.</strong></span> <span class='ocrx_word' id='word_1_684' title='bbox 1343 2714 1376 2739; x_wconf 89' lang='lat' dir='ltr'><strong>et</strong></span> <span class='ocrx_word' id='word_1_685' title='bbox 1389 2709 1493 2748; x_wconf 84' lang='lat' dir='ltr'><strong>Pelop.</strong></span> <span class='ocrx_word' id='word_1_686' title='bbox 1508 2708 1530 2738; x_wconf 89' lang='lat' dir='ltr'><strong>i.</strong></span> <span class='ocrx_word' id='word_1_687' title='bbox 1545 2711 1597 2739; x_wconf 84' lang='lat'><strong>56.</strong></span> 
     </span>
    </p>

    <p class='ocr_par' dir='ltr' id='par_1_46' title="bbox 920 2750 1612 2824">
     <span class='ocr_line' id='line_1_121' title="bbox 920 2750 1612 2795; baseline 0.003 -15"><span class='ocrx_word' id='word_1_688' title='bbox 920 2752 1036 2787; x_wconf 78' lang='lat' dir='ltr'><strong>Simus,</strong></span> <span class='ocrx_word' id='word_1_689' title='bbox 1064 2761 1146 2782; x_wconf 87' lang='lat' dir='ltr'><strong>unus</strong></span> <span class='ocrx_word' id='word_1_690' title='bbox 1175 2761 1193 2782; x_wconf 87' lang='lat' dir='ltr'><strong>c</strong></span> <span class='ocrx_word' id='word_1_691' title='bbox 1218 2750 1429 2782; x_wconf 78' lang='lat' dir='ltr'><strong>conditoribus</strong></span> <span class='ocrx_word' id='word_1_692' title='bbox 1463 2752 1612 2795; x_wconf 67' lang='lat' dir='ltr'><strong>Himerae,</strong></span> 
     </span>
     <span class='ocr_line' id='line_1_122' title="bbox 965 2795 1052 2824; baseline 0.011 -1"><span class='ocrx_word' id='word_1_693' title='bbox 965 2795 1006 2824; x_wconf 78' lang='lat' dir='ltr'><strong>vi.</strong></span> <span class='ocrx_word' id='word_1_694' title='bbox 1022 2798 1052 2824; x_wconf 87' lang='grc'><strong>5.</strong></span> 
     </span>
    </p>

    <p class='ocr_par' dir='ltr' id='par_1_47' title="bbox 922 2836 1513 2875">
     <span class='ocr_line' id='line_1_123' title="bbox 922 2836 1513 2875; baseline 0.002 -10"><span class='ocrx_word' id='word_1_695' title='bbox 922 2836 1046 2875; x_wconf 78' lang='lat' dir='ltr'><strong>Singaei,</strong></span> <span class='ocrx_word' id='word_1_696' title='bbox 1061 2847 1091 2868; x_wconf 84' lang='lat' dir='ltr'><strong>v.</strong></span> <span class='ocrx_word' id='word_1_697' title='bbox 1110 2841 1160 2869; x_wconf 87' lang='grc'><strong>18.</strong></span> <span class='ocrx_word' id='word_1_698' title='bbox 1175 2837 1244 2867; x_wconf 79' lang='lat' dir='ltr'><strong>vide</strong></span> <span class='ocrx_word' id='word_1_699' title='bbox 1259 2837 1410 2867; x_wconf 82' lang='lat' dir='ltr'><strong>Herodot.</strong></span> <span class='ocrx_word' id='word_1_700' title='bbox 1425 2836 1445 2867; x_wconf 84' lang='lat'><strong>1.</strong></span> <span class='ocrx_word' id='word_1_701' title='bbox 1459 2837 1513 2867; x_wconf 74' lang='lat' dir='ltr'><strong>vii.</strong></span> 
     </span>
    </p>

    <p class='ocr_par' dir='ltr' id='par_1_48' title="bbox 921 2878 1561 2920">
     <span class='ocr_line' id='line_1_124' title="bbox 921 2878 1561 2920; baseline 0.002 -11"><span class='ocrx_word' id='word_1_702' title='bbox 921 2879 1002 2910; x_wconf 82' lang='lat' dir='ltr'><strong>Sinti</strong></span> <span class='ocrx_word' id='word_1_703' title='bbox 1017 2889 1091 2920; x_wconf 80' lang='lat' dir='ltr'><strong>pop.</strong></span> <span class='ocrx_word' id='word_1_704' title='bbox 1106 2881 1138 2912; x_wconf 86' lang='lat' dir='ltr'><strong>ii.</strong></span> <span class='ocrx_word' id='word_1_705' title='bbox 1153 2884 1206 2914; x_wconf 82' lang='grc'><strong>98.</strong></span> <span class='ocrx_word' id='word_1_706' title='bbox 1219 2880 1288 2912; x_wconf 81' lang='lat' dir='ltr'><strong>vide</strong></span> <span class='ocrx_word' id='word_1_707' title='bbox 1303 2880 1436 2918; x_wconf 80' lang='lat' dir='ltr'><strong>Livium,</strong></span> <span class='ocrx_word' id='word_1_708' title='bbox 1453 2878 1473 2910; x_wconf 77' lang='grc' dir='ltr'><strong>Ι.</strong></span> <span class='ocrx_word' id='word_1_709' title='bbox 1487 2879 1561 2910; x_wconf 79' lang='lat' dir='ltr'><strong>xliv.</strong></span> 
     </span>
    </p>
   </div>
  </div>
 </body>
</html>
