1768 3198
686 170 885 210 INDEX
911 169 1143 209 RERUM.

199 273 357 311 Messana,
386 272 433 304 vel
462 274 616 311 Messena,
644 273 719 304 urbs
742 274 824 304 Sicil.
846 274 888 303 vi.

243 320 275 347 5.
307 316 432 347 condita
461 317 501 347 ab
541 317 687 354 Anaxila‚
715 317 789 346 ibid.-
821 317 890 346 vide

243 359 382 390 Cluverii
397 360 457 391 Sic.
471 370 503 400 p.
520 365 592 396 181,
615 362 671 390 &c.
685 360 835 398 quomodo
850 360 892 388 si-

241 406 288 440 ta,
309 404 350 434 iv.
379 407 407 434 1.
427 403 470 434 vi.
494 407 547 433 48.
572 402 816 434 Atheniensibus
839 403 892 431 de-

241 446 320 483 dita,
347 446 394 477 iii.
419 450 472 478 90.
499 446 539 476 ab
562 447 600 476 iis
624 446 738 481 deficit,
762 446 804 475 iv.
830 449 891 474 1.a.

241 489 446 521 Locrensibus
465 485 604 527 tenetur,
618 500 648 520 v.
665 493 694 518 5.
709 488 748 517 ab
771 488 888 518 Athen.

240 532 358 562 frustra
373 535 528 570 tentatur,
544 534 585 562 vi.
610 536 661 564 74.
679 531 827 561 Messanii
841 531 891 561 vel

240 576 457 606 Messanenses
476 576 586 606 Naxiis
608 574 724 604 bellum
739 575 890 611 inferunt,

239 619 285 649 iv.
300 623 353 655 25,
368 629 413 658 sq.
429 619 595 649 maximam
617 618 734 648 cladem
747 627 767 647 a
780 618 890 648 Naxiis

239 662 411 701 accipiunt,
428 662 504 692 ibid.

198 705 356 744 Messapia
381 715 469 744 gens,
495 705 548 734 vii.
576 709 629 736 33.
657 704 818 743 Messapii,
844 704 889 734 iii.

245 753 314 778 101.

198 791 342 822 Messene
369 791 402 820 in
428 799 503 830 agro
529 792 642 822 Lacon.
669 791 710 821 iv.
738 794 791 820 41.
819 790 888 820 vide

240 834 343 864 Strab.
359 834 379 863 l.
405 835 470 864 viii.
497 838 528 864 et
551 836 684 865 Pausan.
705 833 739 863 in
754 835 889 864 Messen-

238 878 389 908 Messenii
412 888 429 907 e
442 878 546 917 Pelop.
560 888 580 907 a
593 878 703 908 Laced.
718 877 889 916 pelluntur,

239 922 263 951 i.
281 925 352 958 101,
381 924 450 951 103.
475 921 515 950 ab
529 921 648 952 Athen.
669 921 826 959 Naupacti
846 920 891 950 10-

238 962 364 1001 cantur',
379 964 400 993 i.
419 968 488 994 104.
502 965 611 994 Phiam
634 965 774 1003 capiunt,
789 965 822 993 ii.
836 967 889 993 25.

239 1008 273 1037 in
300 1008 408 1047 Pylum
432 1008 548 1037 reversi
567 1017 678 1047 agrum
704 1007 891 1038 Laconicum

239 1051 403 1087 infestant,
418 1050 459 1082 iv.
475 1054 527 1082 41.

196 1093 391 1133 MetageneS,
406 1103 435 1123 v.
454 1099 503 1125 19.
518 1097 570 1124 24.

195 1136 439 1176 Metapontium,
455 1137 496 1168 vi.
510 1142 562 1168 33.
578 1137 800 1176 Metapontini,
816 1135 891 1166 ibid.

241 1183 273 1210 et
287 1181 340 1212 vii.
356 1185 409 1212 57.

196 1223 346 1254 Methone
376 1224 410 1253 in
440 1232 516 1262 agro
542 1224 656 1253 Lacon.
683 1223 716 1252 ii.
744 1227 796 1253 25.
823 1222 892 1253 Me-

237 1267 334 1296 thone
365 1267 448 1297 iuter
482 1267 678 1305 Epidaurum
705 1269 738 1295 et
762 1267 892 1296 'l'roeze-

239 1319 323 1346 nem,
350 1310 391 1340 iv.
419 1313 471 1339 45.
507 1310 657 1340 Methone
683 1309 758 1338 urbs
786 1310 890 1338 Mace-

238 1353 338 1383 doniae
359 1352 504 1390 finitima,
526 1353 568 1383 vi.
590 1357 621 1385 7.
644 1352 826 1389 Methonaei,
849 1352 889 1382 iv.

245 1401 314 1428 129.

195 1439 408 1479 Methydrium
421 1438 575 1476 Arcadiae,
589 1448 619 1469 v.
644 1442 698 1470 58.
720 1437 790 1468 vide
811 1439 890 1468 Pau-

240 1493 307 1513 san.
321 1484 354 1513 in
367 1482 538 1512 Arcadicis.

196 1527 382 1565 Methymna
395 1525 487 1557 Lesbi
500 1525 588 1562 urbs,
602 1525 647 1555 iii.
662 1529 692 1555 2.
707 1524 769 1554 fida
789 1525 889 1555 Athe-

239 1570 413 1606 niensibus,
442 1568 517 1599 ibid.
538 1568 739 1608 Methymnaei
762 1578 888 1607 gravem

237 1613 356 1643 cladem
388 1612 428 1642 ab
459 1612 621 1643 Antissaeis
647 1611 818 1651 accipiunt,
844 1612 888 1642 iii.

240 1661 291 1686 18.
306 1665 400 1686 naves
419 1656 535 1685 Athen.
559 1655 710 1694 praebent,
728 1658 832 1686 cetera
853 1655 890 1685 li-

229 1699 319 1736 ‘ben-i,
332 1700 374 1730 vi.
401 1703 451 1729 85.
475 1699 528 1729 vii.
543 1702 595 1731 57.
617 1698 817 1738 Methymnaei
838 1708 891 1728 ex-

238 1743 320 1772 sules
356 1743 570 1781 Methymnam
605 1741 802 1780 adoriuntur,
834 1743 891 1772 διο.

239 1786 306 1816 viii.
325 1789 396 1816 100.

196 1829 366 1868 Metropoli
393 1828 468 1868 quid
490 1827 602 1858 debeat
628 1827 760 1864 colonia,
789 1828 810 1858 i.
838 1831 890 1858 24.

239 1872 419 1912 metropolis
446 1875 478 1901 et
504 1871 632 1901 coloniae
657 1873 801 1901 mutuum
825 1870 890 1900 offi-

239 1916 322 1945 cium
337 1916 419 1955 quod
432 1915 484 1952 sit,
499 1914 523 1945 i.
536 1918 587 1945 34.
602 1917 655 1944 38.
861 1916 865 1918 ’

196 1959 380 1998 Metropolis
404 1957 491 1994 urbs,
505 1958 550 1988 iii.
568 1960 639 1988 107.
664 1956 733 1986 vide
746 1956 891 1987 Palmerii

240 2003 296 2033 Gr.
311 2005 377 2034 ant.
391 2011 423 2044 p.
439 2006 513 2033 397.

196 2046 304 2076 Metus
318 2044 498 2075 memoriam
514 2043 645 2079 excutit,
661 2043 693 2073 ii.
709 2048 761 2075 87.

196 2089 346 2120 Miciades
360 2088 543 2123 navarchus,
558 2087 580 2116 i.
594 2090 647 2118 47.

197 2132 403 2171 Migrationes
417 2131 493 2161 olim
514 2130 692 2169 frequentes
704 2129 739 2159 in
761 2129 892 2166 Graecia,

241 2175 263 2205 i.
278 2180 309 2205 2.

198 2219 340 2255 Miletus,
354 2218 379 2248 i.
397 2220 467 2247 116.
481 2217 546 2247 viii.
563 2221 612 2249 17.
625 2216 665 2246 ab
688 2215 805 2245 Athen.
819 2214 892 2244 defi-

228 2263 296 2298 cit,
310 2261 352 2291 ib.
365 2264 489 2290 tentata
502 2261 541 2290 ab
556 2260 670 2290 Athen.
686 2259 750 2288 viii.
774 2261 825 2288 25.
840 2262 892 2288 80.

240 2305 358 2335 Milesii
371 2313 442 2333 cum
465 2303 575 2333 Samiis
599 2303 711 2332 bellum
730 2305 855 2340 gerunt,
871 2301 892 2331 i.

243 2352 314 2379 115.
339 2347 471 2386 Argivos
495 2349 655 2385 superant,
677 2345 742 2374 viii.
765 2347 818 2374 25.
841 2353 890 2373 ca-

240 2391 366 2421 stellum
389 2399 409 2418 a
421 2389 629 2428 Tissapherne
645 2388 748 2417 Mileti
770 2392 891 2416 exstru-

239 2440 325 2464 ctum
348 2433 489 2473 capiunt,
505 2433 568 2462 viii.
585 2436 635 2462 84.
658 2435 690 2460 et
703 2431 891 2473 praesidium,

241 2477 322 2515 quod
337 2477 399 2506 illic
414 2479 492 2512 erat,
507 2476 649 2515 ejiciunt,
664 2474 707 2503 ib.

198 2520 332 2550 Milichii
345 2519 430 2548 Jovis
445 2520 571 2554 festum,
589 2519 607 2547 i.
628 2519 698 2547 126.

199 2563 348 2593 Militaris
363 2563 472 2593 Laced.
487 2561 660 2600 disciplina,
675 2570 704 2589 v.
721 2561 773 2589 66.

199 2607 359 2636 Miltiades
374 2609 463 2644 pater
477 2605 627 2640 Cimonis,
643 2603 664 2632 i.
683 2606 752 2632 100.

198 2650 326 2686 Mimas,
340 2649 405 2678 viii.
419 2651 471 2678 34.
487 2649 555 2677 vide
569 2645 670 2677 Strab.
685 2645 706 2676 1.
721 2646 783 2675 xiv.

199 2693 363 2724 Mindarus
385 2692 556 2721 navarchus
579 2689 689 2720 Laced.
703 2689 768 2718 viii.
789 2692 840 2718 85.
857 2688 889 2718 in

242 2734 482 2773 Hellespontum
506 2733 643 2772 navigat,
666 2732 730 2761 viii.
755 2735 810 2769 99,
835 2733 891 2762 sce.

241 2777 354 2818 proelio
367 2777 514 2813 vincitur,
528 2777 595 2806 viii.
616 2778 686 2812 104,
701 2785 745 2814 sq.

200 2821 350 2852 Minervae
378 2820 558 2850 Chalcioecae
584 2819 749 2857 templum,
773 2818 794 2847 i.
821 2821 892 2848 134.

216 2868 219 2872 ‘
244 2865 393 2894 Minervae
419 2863 541 2901 signum
565 2863 598 2891 in
624 2870 694 2891 arce
717 2862 832 2891 Athen.
857 2860 891 2891 ii.

248 2912 296 2939 w.
313 2907 378 2947 ejus
393 2905 499 2940 funum
514 2906 547 2936 in
562 2905 707 2948 Lecytho,
721 2904 761 2935 iv.
779 2906 850 2936 116.

933 272 1042 302 Minoa
1055 272 1114 302 ins.
1129 272 1175 302 iii.
1192 275 1243 302 51.
1258 272 1300 304 iv,
1315 276 1367 307 67.
1385 277 1453 305 118.

933 315 1037 345 Minos
1050 316 1169 354 primus
1186 315 1246 345 sibi
1266 315 1394 347 classem
1406 320 1575 357 comparat.
1598 313 1623 349 ἶ.

975 362 1006 388 4.
1019 367 1104 388 mare
1118 359 1227 397 piratis
1249 359 1374 397 liberat,
1386 361 1408 391 i.
1424 365 1454 392 5.
1475 362 1623 400 Cyclada.-

977 410 1046 430 rum
1061 402 1225 440 imperium
1239 402 1372 440 obtinet,
1385 404 1406 433 i.
1420 408 1451 434 4.

934 444 1084 483 Mitylene
1099 445 1190 474 Lesbi
1198 445 1284 482 urbs,
1296 446 1340 476 iii.
1355 451 1386 482 2,
1394 452 1426 478 3.
1439 447 1508 477 vide
1520 447 1628 478 Strab.

975 487 997 517 l.
1011 488 1078 517 xiii.
1091 488 1130 517 ab
1144 489 1388 519 Atheniensibus
1401 490 1515 528 deficit,
1528 491 1574 521 iii.
1589 495 1624 528 2,

975 532 1031 560 &c.
1053 530 1093 560 ab
1115 531 1232 561 Athen.
1254 531 1425 570 obsidetur,
1448 533 1494 564 iii.
1517 537 1547 563 6.
1574 538 1627 564 18.

977 573 1101 604 deditur
1113 574 1229 604 Athen.
1253 575 1298 604 iii.
1314 580 1365 606 28.
1383 576 1622 607 Atheniensium

975 617 1013 646 de
1039 627 1077 646 ea
1099 618 1221 647 crudele
1244 618 1413 656 decretum,
1437 620 1482 650 iii.
1502 622 1554 650 36.
1569 623 1627 657 49,

974 669 1019 698 sq.
1032 670 1140 690 rursus
1153 661 1193 690 ab
1216 662 1334 691 Athen.
1357 662 1471 699 deficit,
1484 663 1549 692 viii.
1570 667 1624 692 22.

974 703 1014 732 ab
1030 704 1091 733 illis
1113 704 1274 742 recipitur,
1287 705 1353 735 viii.
1378 710 1430 736 23.
1452 705 1624 744 Mitylenaei

974 746 1088 776 festum
1123 747 1278 786 Apollinis
1326 748 1496 778 Maluentis
1545 749 1625 778 cele-

973 789 1079 827 brant,
1087 790 1132 820 iii.
1143 797 1174 820 3.
1186 800 1294 820 eorum
1300 791 1444 821 triremes
1454 791 1495 821 ab
1505 792 1624 822 Athen.

974 833 1119 870 detentae,
1147 835 1202 863 διο.
1236 833 1311 864 ibid.
1341 835 1486 873 proelium
1514 835 1625 865 navale
1652 857 1655 859 -

975 885 1045 906 cum
1060 877 1176 907 Athen.
1198 878 1399 907 committunt
1411 881 1444 907 et
1461 878 1624 917 fugantur,

975 920 1021 949 iii.
1035 923 1066 950 4.
1079 920 1171 954 factis
1194 920 1325 950 induciis
1341 921 1459 960 legatos
1483 921 1626 951 Athena·

974 964 1119 999 mittunt,
1143 963 1219 993 ibid.
1232 963 1328 1002 legati
1341 973 1375 993 re
1388 965 1503 994 infecta
1525 965 1625 994 Athe·

975 1007 1025 1035 nis
1052 1007 1195 1043 redeunt,
1222 1006 1267 1036 iii.
1295 1012 1324 1036 5.
1348 1016 1456 1037 rursus
1482 1010 1626 1046 pugnant

975 1059 1047 1079 cum
1070 1050 1187 1081 Athen.
1202 1049 1277 1079 ibid.
1297 1050 1414 1089 legatos
1434 1051 1626 1080 Lacedaemo-

975 1102 1018 1122 na
1039 1093 1185 1129 mittunt,
1205 1093 1250 1122 iii.
1270 1097 1302 1124 4.
1319 1098 1349 1123 8.
1371 1093 1411 1122 ad
1433 1094 1542 1124 Laced.
1555 1102 1626 1123 ora·

976 1137 1094 1165 tionem
1107 1136 1236 1172 habent,
1245 1136 1291 1166 iii.
1305 1141 1338 1173 9,
1351 1146 1397 1175 sq.
1410 1136 1625 1175 Methymnam

976 1179 1172 1215 adoriuntur,
1195 1179 1240 1209 iii.
1267 1183 1314 1208 18.
1335 1179 1370 1210 in
1392 1188 1540 1218 magnum
1563 1180 1626 1209 dis-

975 1222 1091 1253 crimen
1113 1222 1256 1259 veniunt,
1270 1222 1315 1252 iii.
1337 1227 1389 1255 49.
1412 1223 1563 1262 quomodo
1583 1222 1628 1252 ab

976 1265 1093 1296 Athen.
1106 1266 1246 1302 tractati,
1260 1265 1336 1295 ibid.

933 1308 1094 1338 Molobrus
1108 1309 1248 1347 Epitadae
1261 1312 1362 1347 pater,
1377 1309 1418 1338 iv.
1435 1314 1464 1339 8.

933 1352 1072 1388 Molossi,
1087 1352 1120 1382 ii.
1136 1356 1186 1382 80.
1200 1352 1269 1381 vide
1283 1351 1427 1382 Palmerii
1447 1353 1543 1382 Graec.
1557 1356 1624 1383 ant.
1644 1373 1650 1378 ·

975 1405 1005 1434 p.
1020 1399 1093 1425 322.

933 1438 1130 1477 Molycrium‚
1157 1438 1190 1467 ii.
1216 1441 1267 1467 84.
1292 1437 1362 1467 vide
1392 1438 1537 1468 Palmerii
1568 1439 1624 1469 Gr.

973 1485 1085 1520 ant.<p.
1109 1485 1185 1518 484,
1207 1482 1263 1511 &c-
1291 1480 1523 1512 Corinthiorum
1543 1482 1625 1512 colo-

973 1525 1038 1561 nia,
1052 1524 1097 1553 iii.
1119 1528 1188 1554 102.

931 1569 1139 1598 Monumenta
1161 1567 1330 1597 illustrium
1353 1567 1493 1598 virorum
1507 1567 1624 1607 qualia,

976 1611 1008 1640 ii.
1023 1615 1075 1641 43.

934 1654 1064 1684 Morbus
1079 1654 1216 1691 Atticus,
1231 1654 1264 1684 ii.
1279 1658 1332 1691 47,
1347 1663 1392 1694 sq.

934 1698 1146 1737 Morgantina,
1168 1697 1209 1727 iv.
1231 1699 1283 1728 65.
1305 1697 1374 1728 vide
1402 1697 1539 1728 Cluverii
1565 1696 1625 1728 Sic.

976 1751 1007 1780 p.
1021 1746 1095 1771 335.

935 1785 1041 1815 Motus
1054 1784 1128 1814 belli
1141 1784 1244 1822 Pelop.
1258 1787 1407 1823 quantus,
1422 1783 1442 1813 i.
1461 1788 1488 1813 1.

933 1828 1053 1866 Motya,
1067 1827 1109 1857 vi.
1134 1832 1164 1857 2.
1178 1827 1248 1857 vide
1271 1827 1409 1858 Cluverii
1430 1826 1577 1864 Siciliam,
1591 1836 1625 1867 p.

977 1874 1050 1902 249.
1065 1873 1137 1900 254.

933 1914 1055 1943 Mulcta
1068 1913 1177 1944 Laced.
1192 1912 1232 1942 ab
1244 1913 1328 1943 Eleis
1342 1913 1472 1949 indicta,
1486 1923 1516 1942 v.
1530 1916 1583 1945 49.

933 1956 1068 1986 Munera
1093 1956 1186 1986 dandi
1207 1958 1240 1985 et
1261 1956 1431 1994 accipiendi
1453 1965 1520 1985 mos
1543 1955 1627 1995 apud

976 2000 1109 2037 Odrysas
1123 1999 1261 2037 aliosque
1275 1999 1421 2035 Thraces,
1437 1999 1469 2028 ii.
1483 2003 1536 2030 97.

934 2043 1116 2081 Munychia,
1141 2042 1173 2072 ii.
1204 2046 1252 2072 13.
1287 2042 1353 2071 viii.
1389 2046 1442 2073 92.
1468 2045 1519 2072 98.
1555 2041 1629 2071 vide

977 2086 1151 2115 Meursium
1174 2085 1212 2115 de
1237 2085 1311 2124 Pop.
1334 2085 1403 2115 Att.
1427 2084 1627 2124 ejusdemque

978 2130 1145 2167 Pyraeeum.

935 2172 1022 2202 Muri
1035 2172 1132 2210 longi,
1147 2171 1168 2201 i.
1183 2174 1235 2202 69.
1260 2175 1332 2207 107,
1350 2175 1420 2202 108.
1433 2171 1466 2202 ἱί.
1485 2175 1534 2201 13.
1556 2171 1628 2201 vide

978 2215 1110 2245 Mem-sii
1127 2216 1295 2254 Pyraeeum.
1317 2214 1402 2253 longi
1423 2214 1504 2244 muri
1518 2214 1629 2252 Mega·-

978 2258 1117 2288 tensium
1131 2258 1171 2287 ab
1195 2258 1312 2288 Athen.
1334 2258 1487 2294 aedificati,
1507 2257 1529 2287 i.
1554 2260 1628 2288 10³.

979 2302 1020 2331 iv.
1043 2304 1096 2331 66.
1110 2301 1149 2330 ab
1175 2301 1290 2330 Athen.
1305 2300 1344 2330 ab
1369 2300 1447 2330 urbe
1462 2301 1629 2338 Megareu-

977 2345 1057 2374 sium
1070 2344 1209 2383 abrupti,
1223 2344 1264 2373 iv.
1287 2346 1339 2375 69.
1354 2346 1463 2383 postea
1483 2352 1504 2373 a
1516 2343 1627 2382 Mega-

975 2387 1119 2417 rensibus
1143 2387 1207 2416 solo
1230 2387 1355 2426 aequati,
1378 2386 1420 2416 iv.
1447 2390 1517 2418 109.
1540 2385 1627 2424 longi

975 2431 1058 2460 muri
1085 2430 1125 2460 ab
1153 2430 1278 2468 Argivis
1304 2429 1457 2466 editioni,
1477 2438 1508 2459 v.
1532 2433 1583 2459 82.
1605 2436 1628 2457 a.

978 2474 1088 2504 Laced.
1110 2474 1218 2509 diruti,
1237 2483 1266 2503 v.
1292 2477 1342 2503 83.
1365 2471 1626 2508 Atheniensibus,

975 2520 1013 2546 ut
1048 2526 1152 2546 muros
1179 2513 1413 2552 demolirentur,
1438 2515 1627 2554 persuadent

977 2561 1088 2590 Laced.
1102 2561 1121 2590 i.
1137 2564 1188 2591 90.
1213 2560 1307 2595 muri,
1323 2568 1385 2597 quo
1408 2558 1591 2588 Plataecnaes
1604 2566 1627 2586 a

976 2604 1085 2634 Laced.
1099 2602 1315 2641 cingebantur,
1327 2601 1503 2640 descriptio,
1518 2601 1552 2630 ii.
1571 2603 1624 2632 78.

976 2655 1084 2676 murus
1094 2646 1184 2676 albus
1197 2645 1292 2675 tertia
1302 2643 1490 2683 Memphidis
1503 2651 1587 2683 pan,
1602 2642 1625 2673 i.

980 2693 1050 2719 104.

935 2732 1068 2770 Mycale,
1084 2733 1104 2762 i.
1121 2735 1169 2762 14.
1183 2732 1249 2762 viii.
1263 2735 1314 2767 78.
1327 2730 1396 2761 vide
1406 2729 1556 2760 Herodot.
1571 2728 1592 2759 l.
1604 2728 1628 2759 i.

976 2775 1078 2805 Strab.
1093 2776 1115 2806 l.
1128 2775 1190 2805 xiV.

935 2816 1232 2856 Mycalessururbn,
1254 2817 1308 2847 vii.
1330 2821 1381 2848 99.
1398 2815 1467 2845 vide
1489 2815 1625 2846 Pausan.

978 2861 1010 2890 in
1024 2861 1182 2893 Boeotioin.
1191 2870 1216 2892 a
1227 2859 1402 2893 Thracibus
1419 2861 1511 2900 capta
1523 2860 1556 2888 ct
1577 2858 1627 2888 di-

978 2907 1078 2945 repta,
1093 2904 1138 2937 ib.
