1768 3198
621 134 818 174 INDEX
843 134 1078 174 RERUM.

178 238 347 275 apparatus
368 244 406 266 ex
428 235 561 276 utraque
582 240 683 276 parte,
698 237 730 267 ii.
746 242 775 270 7.
798 240 831 268 et
872 238 1019 268 Brasidas
1041 236 1170 268 Tellidis
1191 237 1234 268 fil.
1257 238 1430 270 Methonen
1453 241 1573 278 servat,

178 280 319 317 initium,
333 278 366 309 ii.
384 284 411 309 1.
433 281 550 320 primus
573 281 639 318 ejus
661 290 762 311 annus
776 281 831 310 ab·

179 323 312 360 solutus,
335 323 367 352 ii.
389 327 441 356 47.
464 325 626 360 secundus,
646 324 678 354 ii.
695 329 746 357 71.
768 327 831 353 ter-

179 366 256 403 tius,
270 366 303 396 ii.
321 370 392 397 103.
403 371 545 406 quartus,
557 368 601 397 iii.
617 371 666 397 25.
690 368 830 407 quintus,

180 409 226 439 iii.
243 414 294 440 88.
316 412 433 448 sextus,
447 411 492 440 iii.
513 413 582 440 116.
606 411 767 449 septimus,
790 411 831 440 iv.

181 457 234 483 51.
255 456 394 491 octavus,
409 454 449 484 iv.
476 457 546 484 116.
568 463 680 490 nonus,
703 454 743 484 iv.
762 458 832 484 135.

180 497 330 535 decimus,
341 507 370 527 v.
383 501 433 528 24.
447 507 476 527 v.
491 502 542 529 39.
554 498 747 534 undecimus,
758 497 833 526 duo-

181 541 329 578 decimus,
342 550 371 571 v.
383 545 434 571 51.
454 541 588 570 decimus
599 541 722 577 tertius,
737 550 766 570 v.
782 543 833 570 56.

180 585 317 614 decimus
331 588 471 624 quartus,
483 594 511 614 v.
525 589 574 614 81.
597 584 732 613 decimus
744 585 835 623 quin-

180 630 246 665 tus,
262 637 292 658 v.
308 633 358 658 83.
371 629 506 658 decimus
521 629 638 664 sextus,
654 628 694 657 vi.
710 632 738 660 7.
754 628 834 657 deci-

178 679 250 702 mus
261 672 422 711 septimus,
432 672 474 700 vi.
487 675 539 703 93.
550 671 684 700 decimus
696 674 835 708 octavus,

179 715 234 745 vii.
253 719 301 745 18.
323 716 459 744 decimus
474 724 585 751 nonus,
597 714 661 744 viii.
677 717 707 744 6.
728 715 837 744 vicesi-

179 768 262 796 mus,
276 759 342 788 viii.
365 761 415 788 60.
438 758 600 788 vicesimus
622 758 752 798 primus,
770 758 835 788 viii.

182 806 253 834 109.
276 802 341 840 ejus
364 802 498 838 duratio,
513 811 541 831 v.
558 804 608 831 26.
631 802 778 841 praedicta
795 801 835 830 ab

180 845 317 881 oraculo,
332 845 375 875 ib.
398 855 453 884 per
475 848 596 875 aestates
620 849 652 875 et
676 845 793 875 hiemes
818 854 838 874 a

180 889 361 928 Thucydide
375 889 574 927 descriptum,
590 889 623 918 ii.
640 893 667 918 1.
681 899 710 918 v.
723 892 775 926 20,
791 898 835 927 sq.

185 935 236 963 26.
258 942 329 962 cum
342 933 444 971 primo
465 934 585 971 gestum
600 941 656 972 per
669 932 773 961 decem
789 932 837 961 in-

181 979 286 1015 tegros
309 985 406 1006 annos
430 977 565 1013 duravit,
588 985 616 1006 v.
639 979 689 1006 20.
716 980 768 1012 24,
792 985 836 1015 sq.

182 1021 442 1058 redintegratum,
455 1021 510 1049 διε.
533 1029 561 1048 v.
577 1022 628 1049 26.
650 1019 766 1049 bellum
789 1019 838 1048 in-

182 1066 233 1093 ter
247 1063 463 1093 Chalcidenses
477 1066 509 1092 et
529 1063 735 1100 Eretrienses,
750 1063 770 1092 i.
789 1066 837 1092 15.

183 1116 255 1136 cum
278 1107 379 1136 Medis
400 1109 534 1145 gestum,
549 1107 571 1135 i.
586 1111 637 1137 23.
660 1107 743 1136 inter
763 1106 838 1136 Cor-

183 1160 296 1189 cyraeos
308 1154 340 1179 et
354 1151 543 1187 Corinthios,
560 1150 580 1179 i.
605 1154 658 1186 24,
678 1151 733 1180 &c.
756 1150 839 1179 inter

183 1193 402 1225 Ambraciotas
424 1197 456 1223 et
477 1194 711 1233 Amphilochos,
734 1193 767 1222 ii.
785 1195 838 1222 68.

182 1238 267 1267 inter
281 1237 525 1267 Lacedaemonios
539 1240 570 1266 et
583 1237 727 1276 Argivos,
741 1247 770 1266 v.
787 1241 837 1266 83.

183 1281 226 1311 vi.
242 1286 274 1318 7,
288 1290 332 1320 sq.
355 1285 407 1312 95.
429 1280 512 1310 inter
533 1281 718 1319 Epidaurios
733 1283 764 1309 et
778 1280 839 1309 Ar-

184 1325 283 1364 givos,
303 1334 333 1354 v.
355 1329 405 1355 53.
434 1324 550 1353 bellum
570 1322 702 1361 sacrum,
723 1325 744 1354 i.
768 1327 838 1353 112.

184 1367 320 1406 Reliqua
350 1368 420 1398 vide
451 1368 514 1396 suis
548 1368 581 1396 in
605 1367 690 1404 locis,
715 1367 779 1396 scil.
807 1367 840 1395 in

186 1411 366 1441 nominibus
400 1420 518 1448 eorum,
549 1420 569 1440 a
606 1410 718 1450 quibus
753 1413 841 1449 gesta

188 1459 271 1484 sunt.

143 1497 308 1535 Berrhoea,
322 1498 343 1528 i.
359 1500 409 1527 61.
444 1497 522 1527 Vide
535 1497 730 1534 Strabonem,
744 1497 765 1526 1.
779 1495 841 1526 xvi.

191 1545 223 1571 et
236 1541 392 1572 Antonini
407 1541 515 1571 Itiner.

145 1584 292 1622 Bisaltia,
313 1585 347 1614 ii.
373 1589 425 1616 99.
450 1585 490 1614 iv.
518 1588 586 1617 109.
609 1584 678 1615 vide
702 1584 843 1614 Herodo-

191 1632 272 1666 tum,
285 1629 306 1658 l.
320 1628 373 1658 vii.
387 1638 413 1657 c.
430 1632 443 1657 1
453 1632 501 1657 15.

147 1671 278 1711 Bithyni
299 1672 445 1708 Thraces,
460 1672 500 1702 iv.
518 1675 569 1703 75.
591 1671 660 1701 vide
683 1671 802 1701 Herod.
823 1671 845 1700 1.

193 1715 245 1746 vii.
259 1725 285 1746 c.
300 1719 351 1748 75.
373 1719 406 1744 et
419 1715 520 1745 Strab.
535 1715 556 1745 l.
573 1715 626 1744 xii.
682 1742 694 1750 ,

148 1759 254 1789 Boeoti
268 1768 306 1789 ex
320 1759 409 1789 Arna
421 1758 522 1796 ejecti,
537 1758 557 1787 i.
576 1763 624 1788 12.
649 1757 845 1788 Cadmeidem

192 1803 350 1841 regionem
376 1805 540 1841 occupant,
563 1802 637 1831 ibid.
665 1801 704 1830 ab
728 1801 845 1830 Athen.

191 1846 268 1875 victi
290 1846 329 1875 ad
351 1846 542 1884 OEnophyta,
565 1845 586 1874 i.
605 1848 675 1874 108.
697 1843 788 1874 liberi
810 1844 847 1872 fi-

192 1892 264 1926 unt,
280 1889 301 1918 i.
321 1893 389 1919 113.
429 1888 636 1918 Phocensibus
649 1887 846 1921 contermini,

191 1933 239 1963 iii.
259 1937 311 1964 95.
354 1932 480 1962 Delium
504 1934 698 1970 oppugnant,
719 1931 750 1960 iv
775 1933 845 1959 100.

191 1976 322 2005 vincunt
346 1975 554 2005 Athenienses
577 1975 616 2004 ad
642 1974 781 2010 Delium,
805 1973 845 2002 iv.

193 2021 248 2056 96,
263 2029 307 2058 sq.
328 2019 499 2049 Panactum
512 2018 652 2056 capiunt,
666 2027 695 2048 v.
707 2023 736 2048 3.
752 2017 847 2047 socie-

192 2065 291 2092 tatem
318 2071 387 2092 cum
410 2062 647 2092 Lacedaemoniis
671 2061 794 2098 ineunt,
817 2069 846 2089 v.

193 2109 246 2136 40.
289 2106 487 2144 Syracusanis
500 2106 619 2135 auxilia
636 2105 780 2140 mittunt,
794 2103 847 2133 vii.

196 2153 246 2180 19.
269 2154 301 2178 et
320 2150 526 2179 Athenienses
548 2149 587 2178 ad
609 2149 772 2187 Syracusas
797 2156 848 2176 su-

191 2195 317 2231 perant,
345 2193 397 2222 vii.
424 2197 475 2223 43.
512 2201 619 2222 corum
647 2192 847 2230 magistratus

194 2236 391 2266 Boeotarcbae
413 2236 500 2273 dicti,
515 2236 549 2265 ii.
564 2240 593 2264 2.
615 2235 656 2265 iv.
679 2240 731 2267 92.
745 2244 775 2265 v.
795 2238 847 2265 37.

193 2288 299 2310 eorum
314 2282 447 2318 quatuor
461 2279 601 2318 consilia,
617 2289 646 2308 v.
661 2283 715 2315 38,
730 2287 774 2319 sq.

149 2323 276 2358 Boeum,
292 2323 312 2352 i.
330 2326 400 2355 107.

149 2366 261 2402 Bolbe,
276 2366 364 2405 palus
379 2367 412 2396 in
426 2374 499 2404 agro
513 2365 692 2404 Mygdonio,
707 2364 727 2394 i.
740 2368 790 2396 58.
807 2363 846 2394 iv.

198 2413 268 2439 103.

150 2452 302 2488 Bolissus,
316 2452 382 2481 viii.
404 2456 454 2481 24.
477 2453 543 2489 ejus
566 2451 708 2482 meminit
729 2451 846 2480 Herod.

196 2496 229 2524 in
243 2496 308 2525 vita
322 2495 464 2532 Homeri,
479 2505 504 2525 c.
522 2499 574 2531 23,
590 2505 634 2534 sq.

150 2537 345 2575 Bomienses,
373 2539 417 2568 iii.
445 2541 496 2574 96.
527 2539 596 2568 vide
622 2536 766 2567 palmerii
793 2537 847 2567 Gr.

197 2586 262 2611 ant.
278 2592 308 2620 p.
325 2586 397 2612 502.

152 2624 302 2654 Bormdes
317 2627 503 2664 Eurytanes,
519 2624 564 2654 iii.
582 2628 651 2653 100.

154 2668 273 2706 Bottia,
286 2669 368 2698 unde
386 2669 459 2699 dicti
480 2667 616 2703 Bottiaei,
631 2667 664 2696 ii.
678 2670 729 2698 99.
773 2665 849 2695 Bot-

197 2711 280 2748 tiaea‚
296 2712 328 2742 ii.
345 2715 414 2741 100.
433 2711 500 2741 vide
514 2710 631 2741 Herod.
645 2710 666 2739 l.
679 2709 731 2739 vii.
774 2709 850 2738 Bot-

197 2755 273 2791 tiaei,
286 2755 317 2785 in
331 2755 474 2791 Thracia,
491 2755 510 2784 i.
526 2758 575 2786 57.
598 2754 636 2783 ad
651 2752 851 2782 defectionem

199 2798 368 2834 sollicitati,
391 2797 433 2828 ib.
456 2799 493 2827 iis
516 2797 629 2826 bellum
651 2797 789 2826 inferunt
806 2796 850 2825 A·

200 2842 287 2875 then.
302 2841 335 2873 ii.
350 2845 401 2875 79.
423 2844 455 2871 et
468 2841 562 2871 dubio
579 2841 683 2872 Marte
697 2843 850 2881 pugnant,

203 2884 246 2915 ib.

917 284 950 311 et
963 282 1081 320 Spartae
1094 280 1300 319 collaudatur,
1314 282 1347 313 ii.
1363 287 1414 314 25.
1454 285 1573 314 Alcidae

917 324 1123 361 consiliarius,
1150 325 1196 354 iii.
1224 327 1277 357 69.
1308 327 1348 356 ad
1373 327 1481 366 Pylum
1505 338 1574 357 rem

918 371 1044 397 strenue
1058 367 1151 406 gerit,
1165 368 1207 398 iv.
1225 373 1276 406 11,
1287 379 1333 408 sq.
1354 371 1490 409 graviter
1504 371 1575 400 vul·

918 414 1059 447 neratur,
1084 411 1124 441 iv.
1152 416 1200 441 12.
1243 411 1479 452 Megarensibus
1504 423 1575 443 suc<

919 455 1030 491 currit,
1045 455 1085 484 iv.
1100 458 1153 492 70,
1168 465 1213 494 sq.
1235 457 1356 495 copiam
1373 466 1484 496 pugnae
1495 457 1575 487 facit

918 498 1177 536 Atheniensibus,
1204 499 1246 529 iv.
1268 504 1321 537 73,
1345 509 1390 539 sq.
1414 500 1448 531 in
1473 501 1575 531 Thra-

920 541 1000 570 ciam
1013 541 1117 580 copias
1130 541 1228 579 ducit,
1245 543 1285 572 iv.
1300 547 1351 575 78.
1382 543 1575 574 Thessaliam

920 585 1102 624 pertransit,
1130 585 1173 615 ib.
1196 595 1241 625 sq.
1263 586 1330 624 ejus
1351 586 1432 624 laus,
1457 587 1497 617 iv.
1523 592 1576 617 81.

924 632 996 665 108,
1011 638 1055 667 sq.
1078 638 1107 658 v.
1123 633 1152 661 7.
1175 629 1209 658 in
1228 630 1394 668 Lyncestas
1407 630 1576 670 expeditio,

922 672 963 702 iv.
979 677 1029 702 83.
1052 682 1097 711 sq.
1119 673 1264 702 Acantho
1284 673 1401 703 bellum
1413 674 1520 711 infert,
1534 674 1577 704 iv.

925 719 975 745 84.
1002 717 1175 745 orationem
1196 715 1303 753 habet,
1326 717 1366 747 iv.
1390 721 1443 754 85,
1465 727 1510 757 sq.
1536 717 1579 748 ad

923 768 993 788 eum
1016 759 1120 788 deficit
1131 759 1308 797 Acanthus,
1321 761 1363 790 iv.
1382 765 1432 791 88.
1454 763 1488 790 et
1508 760 1579 790 Sta-

921 803 1020 841 girus,
1043 802 1085 832 ib.
1110 805 1219 832 contra
1245 803 1448 843 Amphipolin
1473 804 1578 843 copias

922 846 1020 883 ducit,
1044 846 1083 876 iv.
1111 850 1181 876 102.
1205 849 1336 886 occupat
1355 847 1512 886 Argilum,
1536 847 1579 877 iv.

926 893 996 919 103.
1019 892 1052 918 et
1070 889 1286 930 Amphipolin,
1301 891 1341 921 iv.
1367 894 1437 920 101.
1460 891 1501 921 ab
1522 891 1578 921 Ei-

923 941 982 962 one
995 933 1169 972 repellitur,
1181 934 1221 963 iv.
1240 936 1309 964 106.
1331 934 1489 964 deditione
1499 935 1580 964 acci-

923 977 969 1015 pit
978 976 1165 1015 Myrcinum‚
1175 977 1356 1016 Gapselum,
1370 979 1403 1007 et
1418 978 1579 1017 OEsymen,

924 1020 966 1049 ib.
989 1020 1159 1049 exercitum
1173 1020 1259 1050 ducit
1274 1021 1307 1050 in
1319 1022 1434 1058 Acten,
1448 1022 1489 1051 iv.
1508 1025 1580 1053 109.

924 1064 1070 1094 Toronen
1083 1067 1225 1102 occupat,
1240 1064 1280 1093 iv.
1298 1068 1368 1095 118.
1409 1065 1580 1103 Lecythum

924 1109 1085 1145 oppugnat
1096 1110 1128 1136 et
1141 1108 1237 1146 capit,
1248 1108 1288 1137 iv.
1303 1112 1374 1145 115,
1386 1117 1431 1146 sq.
1454 1108 1493 1137 ad
1507 1117 1580 1138 eum

925 1150 1027 1179 deficit
1049 1151 1170 1187 Scione,
1184 1151 1225 1180 iv.
1244 1155 1313 1181 120.
1335 1160 1356 1180 a
1374 1151 1529 1188 Scionaeis‚
1543 1155 1582 1181 ut

926 1193 1052 1223 Graeciae
1071 1193 1232 1231 liberator,
1245 1204 1342 1224 aurea
1361 1203 1474 1224 corona
1487 1194 1583 1224 dona-

925 1239 990 1273 tur,
1015 1237 1055 1266 iv.
1081 1241 1151 1266 121.
1173 1238 1213 1266 ad
1234 1247 1305 1267 eum
1327 1238 1431 1268 deficit
1453 1237 1581 1275 Menda,

925 1280 966 1309 iv.
985 1284 1055 1316 133,
1067 1290 1111 1319 sq.
1123 1280 1252 1310 alteram
1265 1282 1299 1311 in
1309 1282 1476 1320 Lyncestas
1490 1290 1583 1320 expe—

926 1323 1075 1353 ditionem
1097 1324 1237 1363 suscipit,
1251 1324 1292 1354 iv.
1310 1328 1382 1361 124,
1403 1334 1447 1363 sq.
1470 1325 1584 1354 deseri-

926 1372 980 1396 tur
994 1376 1013 1395 a
1025 1367 1180 1405 Perdicca,
1195 1368 1236 1397 iv.
1256 1371 1326 1398 125.
1348 1367 1463 1398 milites
1476 1369 1583 1398 cohor-

926 1413 1025 1447 tatur,
1048 1410 1090 1440 ib.
1114 1420 1158 1450 sq.
1181 1407 1294 1440 hostes¹
1311 1412 1508 1449 insequentes
1533 1421 1584 1442 re-

927 1453 1028 1492 pellit,
1049 1454 1089 1483 iv.
1115 1458 1187 1490 127,
1203 1464 1247 1494 sq.
1269 1455 1366 1484 hostis
1383 1454 1544 1493 judicatur
1564 1464 1586 1484 a

928 1497 1084 1534 Perdicca,
1099 1497 1138 1527 iv.
1156 1502 1226 1527 128.
1269 1498 1435 1528 Potidaeam
1456 1497 1586 1538 nequid-

931 1550 1024 1579 quam
1044 1543 1160 1578 tentat,
1178 1541 1218 1571 iv.
1237 1545 1306 1572 135.
1352 1541 1460 1572 Cleoni
1482 1545 1585 1571 castra.

930 1584 1060 1622 oPPQnit
1073 1585 1112 1614 ad
1126 1585 1316 1623 Cerdylium,
1326 1594 1355 1614 v.
1370 1586 1402 1622 6,
1416 1595 1462 1624 sq.
1484 1586 1586 1615 Athe-

930 1628 1052 1656 nienses
1066 1629 1191 1667 aggredi
1206 1629 1328 1665 statuit,
1342 1638 1371 1658 v.
1389 1633 1420 1666 8,
1435 1638 1480 1668 sq.
1502 1629 1586 1658 mili-

928 1673 976 1700 tcs
991 1671 1186 1707 adhortatur,
1200 1671 1242 1702 ib.
1259 1682 1305 1711 sq.
1326 1672 1360 1701 in
1377 1672 1588 1702 Athenienses

932 1715 1079 1754 erumpit,
1101 1724 1131 1744 v.
1158 1719 1207 1750 10,
1231 1725 1276 1754 sq.
1298 1715 1396 1745 victor
1418 1716 1451 1746 in
1471 1715 1586 1755 proelio

930 1758 1025 1794 cadit,
1039 1757 1081 1787 ib.
1104 1759 1269 1788 honorifice
1283 1758 1444 1797 sepelitur,
1458 1768 1487 1789 v.
1505 1763 1555 1790 11.

886 1801 1008 1831 Braure
1021 1802 1175 1831 Pittacum
1191 1802 1349 1839 interficit,
1363 1803 1404 1832 iv.
1422 1806 1494 1835 107.

887 1844 1067 1881 Bricinniae,
1081 1854 1137 1874 arx
1153 1846 1186 1874 in
1199 1854 1274 1884 agro
1287 1845 1450 1882 Leontino,
1465 1855 1495 1875 v.
1509 1849 1540 1875 4.

888 1887 1043 1917 Brilessus
1057 1897 1157 1924 mons,
1173 1888 1206 1918 ii.
1221 1894 1272 1919 23.
1295 1889 1364 1918 vide
1378 1888 1481 1919 Strab.
1494 1889 1516 1919 1.
1530 1886 1589 1928 ix.'¹

888 1931 1056 1959 Bromerus
1069 1934 1158 1969 pater
1171 1931 1340 1969 Arrhibaei,
1355 1932 1396 1962 iv.
1413 1936 1463 1963 83.

889 1973 1078 2010 Bromiseus,
1092 1974 1133 2003 iv.
1151 1978 1222 2004 103.

888 2017 1040 2047 Bucolion
1066 2018 1206 2047 Arcadiae
1229 2027 1279 2057 op.
1303 2018 1344 2047 iv.
1372 2021 1442 2048 134.
1469 2018 1586 2049 dictum

933 2060 1012 2090 forte
1026 2071 1046 2090 a
1058 2060 1227 2090 Bucolione
1246 2070 1329 2101 rege,
1343 2061 1432 2099 cujus
1445 2061 1587 2092 meminit

932 2104 1112 2140 Pausanias,
1126 2104 1148 2134 l.
1161 2105 1226 2134 viii.

890 2146 1052 2177 Budorum
1065 2147 1344 2187 propugnaculum,
1358 2146 1391 2178 ii.
1405 2151 1458 2179 93.

890 2191 1048 2229 Buphras,
1063 2192 1104 2221 ix‘.
1122 2195 1191 2221 118.

890 2234 1078 2272 Byzantium
1090 2235 1189 2264 Medis
1204 2234 1342 2273 eripiunt
1353 2234 1469 2264 Athen.
1489 2233 1586 2264 ductu

933 2278 1105 2315 Pausaniae,
1133 2278 1154 2307 i.
1181 2282 1232 2309 94.
1265 2287 1285 2307 a
1308 2277 1462 2307 Pausania.
1484 2277 1586 2316 priore

933 2321 1069 2351 adventu
1090 2324 1229 2360 captum,
1251 2327 1283 2350 et
1305 2320 1444 2359 Gongylo
1466 2320 1587 2351 Eretri-

934 2364 1001 2393 ensi
1016 2365 1224 2400 commissum,
1239 2364 1260 2394 i.
1278 2367 1348 2394 128.
1387 2363 1532 2402 Byzantii
1546 2362 1588 2392 ab

933 2407 1050 2437 Athen.
1085 2408 1244 2444 deficiunt,
1272 2407 1292 2437 i.
1324 2411 1392 2437 115.
1426 2415 1497 2440 cum
1525 2405 1588 2438 iuis

933 2451 1185 2491 compositionem
1198 2450 1330 2488 faciunt,
1345 2450 1367 2482 i.
1386 2453 1456 2483 117.

1221 2581 1258 2612 C·

894 2667 1057 2705 Cacyparis
1077 2666 1107 2698 fl.
1122 2666 1174 2697 vii.
1191 2670 1241 2697 80.
1263 2666 1332 2697 vide
1346 2663 1483 2697 Cluverii
1505 2662 1589 2697 sicil.

895 2714 1053 2789 capffiljss.
1064 2762 1130 2792 quoe
1143 2756 1251 2792 postea
1263 2752 1399 2789 Boeotia,
1414 2750 1434 2780 i.
1452 2754 1502 2781 12.

893 2797 1040 2825 (tatic-inus
1055 2797 1084 2826 fl.
1100 2797 1144 2826 iii.
1162 2800 1230 2827 103.

893 2838 988 2868 Calcx
1002 2840 1032 2869 fl.
1049 2840 1088 2869 iv.
1105 2843 1156 2871 75.

894 2882 1008 2913 Callias
1035 2886 1124 2923 pater
1150 2880 1332 2914 Callicratis.
1369 2880 1390 2911 i.
1423 2883 1474 2913 29.
1500 2883 1591 2920 pater
